1638 2755
298 170 892 224 HISTORIARUM
944 169 1250 219 LIBROS.

190 287 226 327 ἃ
247 283 485 324 consulatum
501 282 594 336 petit
612 296 674 333 72.
692 278 841 319 dimiffo
860 279 1058 330 triumpho
1079 280 1211 319 urbem
1225 282 1343 319 intrat
1356 288 1423 332 ¹731

189 340 419 388 Pompejum
442 340 477 376 &
499 335 667 376 Crassum
688 335 787 372 inter
806 333 844 371 se
866 335 901 372 ἃ
927 334 993 372 sibi
1012 334 1196 372 conciliat
1216 348 1279 383 74.
1302 333 1423 373 causae

189 393 274 432 initi
292 393 550 431 triumviratus
573 403 639 443 75.
664 390 745 436 ejus
768 389 919 437 pactum
939 400 1027 426 cum
1055 387 1219 436 Luccejo
1244 401 1305 438 77.
1333 388 1425 426 desi-

193 455 329 498 gnatur
354 445 428 483 cos.
455 446 534 483 ibid.
556 445 637 492 ejus
657 441 783 491 leges,
812 444 847 480 <Sc
876 443 915 480 in
946 440 1003 479 his
1028 441 1193 480 ferendis
1217 441 1349 479 astutia
1374 441 1425 480 80

191 501 228 538 ‹6›
244 500 305 538 81.
322 499 477 538 Catonis
494 510 580 536 cum
596 509 641 534 eo
658 505 849 534 certamen
868 493 929 549 83.
947 494 1065 534 Caesar
1080 495 1237 545 negligit
1254 495 1426 532 senatum

191 555 239 593 ib.
264 553 386 602 legem
409 554 490 601 ejus
510 550 645 601 probat
668 549 874 598 Pompejus
899 550 961 603 85.
982 548 1101 588 Caesar
1126 548 1241 587 filiam
1259 547 1428 587 collocat

193 608 382 656 Pompejo
404 606 466 656 87.
492 604 568 655 ipse
597 604 847 653 Calpurniam
878 603 1008 652 ducit,
1033 604 1116 641 ibid.
1140 604 1221 652 ejus
1255 601 1428 652 potentia

197 673 262 716 94.
288 661 319 698 ei
349 659 552 709 provinciae
580 659 615 697 62
644 658 835 696 exercitus
871 657 1129 706 decernuntur
1151 657 1216 709 96.
1243 667 1348 705 reges
1372 655 1431 693 so-

198 716 278 753 cios
294 713 357 752 sibi
377 711 555 750 conciliat
573 726 635 764 97.
656 711 867 762 praesidium
883 711 948 748 sibi
966 711 1181 749 circumdat
1203 724 1288 749 102.
1312 707 1432 746 offen-

200 769 301 808 ditur
325 775 345 805 a
373 766 558 805 Cicerone
592 778 676 818 105.
702 764 919 814 interpellat
943 765 1211 814 migrationem
1237 762 1432 803 Helvetio-

198 834 284 861 rum
323 834 405 873 129.
433 820 550 859 victos
574 819 771 860 Helvetios
798 820 837 857 in
860 818 1097 857 deditionem
1124 819 1266 868 accipit
1298 830 1367 867 133
1397 815 1432 853 ἂι

204 888 288 927 134.
309 874 357 912 ad
382 873 604 912 Ariovistum
621 874 728 912 ducit
748 886 844 920 104,
874 886 907 924 3.
925 874 1006 921 ejus
1031 873 1079 911 ad
1107 871 1248 910 milites
1265 902 1274 917 ‚
1299 871 1349 909 ob
1371 882 1435 907 eo-

198 941 286 967 rum
314 937 488 974 metum,
518 928 639 966 oratio
669 928 730 966 28.
762 925 1000 975 colloquium
1026 925 1178 965 Caesaris
1205 928 1238 964 ἃ
1261 922 1435 964 Ariovisti

207 996 270 1036 31.
303 982 491 1019 dirimitur
511 994 570 1033 32.
607 981 725 1018 vincit
753 979 963 1018 Germanos
993 995 1053 1034 37.
1076 981 1190 1018 caedit
1214 979 1346 1025 Belgas
1378 978 1437 1030 56.
1496 1012 1498 1014 .

203 1036 254 1075 ad
282 1035 442 1075 Nervios
476 1035 649 1084 pervenit
684 1033 746 1086 58.
784 1033 925 1083 eosque
948 1034 1068 1072 vincit
1097 1034 1159 1073 60.
1196 1034 1233 1070 in
1271 1032 1436 1070 deditio-

203 1103 294 1129 nem
321 1089 463 1138 accipit
490 1089 687 1127 Atuaticos
716 1089 777 1126 61.
811 1096 923 1137 pacat
956 1087 1119 1127 Galliam
1152 1086 1215 1139 63.
1241 1086 1272 1135 ei
1297 1086 1438 1124 adver-

203 1144 305 1182 satur
338 1143 543 1192 pompejus
577 1155 640 1194 90.
682 1140 833 1180 Caesaris
858 1151 955 1179 artes
995 1156 1057 1193 92.
1093 1140 1298 1179 concursus
1325 1139 1436 1178 Rom.

205 1197 422 1248 principum
446 1198 493 1234 ad
517 1195 703 1235 Caesarem
725 1208 787 1247 93.
811 1196 843 1233 ei
868 1195 1040 1245 proditur
1063 1194 1270 1244 respublica
1289 1208 1350 1247 94.
1371 1206 1440 1242 pu-

210 1261 302 1302 gnat
327 1262 414 1288 cum
434 1251 612 1297 Venetis,
636 1262 707 1287 nec
723 1248 887 1287 multum
915 1249 1063 1299 proficit
1088 1262 1135 1301 95
1151 1248 1258 1301 6³96.
1289 1259 1354 1285 eos
1376 1259 1440 1284 na-

209 1304 283 1344 vali
319 1303 457 1354 proelio
500 1304 619 1342 vincit
647 1318 708 1356 97.
749 1304 781 1341 ei
812 1305 849 1341 in
883 1304 1186 1353 quinquennium
1230 1310 1439 1351 prorogatae

209 1358 418 1410 provinciae
454 1370 549 1411 105,
581 1370 639 1396 21.
669 1357 787 1395 vincit
821 1357 1019 1406 Usipetes,
1047 1356 1111 1404 48.
1143 1356 1325 1406 opprimit
1350 1355 1443 1393 Ger-

211 1424 345 1451 manos
377 1426 434 1465 52.
473 1410 599 1449 transit
635 1409 812 1450 Rhenum
851 1424 908 1463 54.
940 1412 1028 1449 dein
1053 1411 1091 1449 in
1119 1411 1350 1450 Britanniam
1382 1422 1442 1462 55.

158 1463 165 1470 ’
212 1466 331 1505 vincit
367 1465 566 1505 Britannos
601 1477 661 1516 57.
694 1466 775 1512 eJus
801 1465 848 1504 ad
874 1464 1044 1504 senatum
1075 1463 1193 1503 literae
1230 1466 1293 1503 60.
1323 1465 1444 1501 vincit

214 1520 390 1560 Treviros
417 1519 478 1567 64.
505 1519 603 1557 redit
624 1520 663 1557 in
692 1518 925 1557 Britanniam
951 1520 1013 1571 65.
1034 1518 1210 1558 Tamesm
1235 1517 1365 1556 transit
1379 1519 1443 1565 67.

213 1573 492 1613 Callivellauno
531 1573 797 1612 Britannorum
834 1573 1052 1622 imperatori
1099 1584 1236 1622 pacem
1277 1572 1341 1610 dat
1378 1571 1443 1610 68.

212 1628 336 1666 vincit
358 1627 615 1677 Ambiorigem
651 1627 745 1673 106,
770 1639 827 1677 15.
858 1629 890 1666 ὅ(
917 1627 1094 1666 Treviros
1126 1640 1223 1677 107,
1245 1639 1282 1674 7.
1305 1625 1445 1663 iterum

213 1681 394 1721 Rhenum
425 1681 555 1719 transit
585 1681 620 1720 8.
645 1681 789 1718 recedit
814 1692 858 1718 ex
883 1680 1084 1720 Germania
1113 1694 1170 1719 10.
1204 1679 1270 1718 fibi
1300 1677 1446 1718 absenti

217 1734 458 1773 consulatum
483 1734 594 1772 licere
621 1743 747 1784 petere
776 1732 940 1783 postulat
964 1747 1025 1786 ⁴9·
1052 1733 1217 1772 occurrit
1246 1734 1449 1778 Vercinge-

217 1788 416 1840 torigi53.
443 1798 638 1838 expugnat
665 1787 861 1827 Genabum
890 1801 947 1840 54.
979 1787 1256 1828 Noviodunum
1284 1787 1451 1825 deditio-

217 1856 267 1882 ne
283 1843 385 1892 capit
407 1856 465 1894 55.
489 1851 685 1892 expugnat
704 1843 901 1880 Avaricum
932 1856 989 1895 59.
1005 1855 1024 1880 a
1047 1841 1232 1892 Gergovia
1257 1854 1377 1890 prope
1393 1853 1454 1880 ca-

220 1907 308 1949 pta,
330 1896 498 1944 rejicitur
513 1897 575 1948 65.
601 1896 718 1934 vincit
738 1896 1086 1946 Vercingetorigem
1117 1895 1209 1941 108,
1243 1907 1274 1945 3.
1300 1893 1453 1934 Caesaris

220 1950 435 2002 periculum
460 1966 495 1997 4.
518 1948 613 1988 caeso
639 1949 803 1997 Correo,
821 1949 1043 1989 Bellovacos
1067 1949 1103 1987 in
1131 1949 1368 1987 deditionem
1394 1961 1458 1987 ac-

221 2005 317 2054 cipit
363 2017 419 2054 17·
464 2005 546 2042 acta
589 2004 740 2043 Caesaris
780 2006 983 2053 impugnat
1022 2002 1228 2043 Marcellus
1269 2002 1343 2041 cos.
1392 2016 1455 2055 30.

174 2074 179 2080 ⁴
226 2060 262 2098 ἃ
290 2057 498 2107 Pompeius
523 2071 583 2110 32.
614 2059 646 2095 ei
679 2054 894 2096 adversatur
920 2059 1058 2104 Curio,
1091 2059 1175 2096 trib.
1213 2055 1264 2106 pl.
1299 2070 1395 2107 109,
1422 2070 1454 2095 1.

224 2112 273 2151 de
295 2111 445 2150 Caesaris
464 2110 693 2149 successione
720 2113 987 2150 contentiones
1017 2125 1032 2153 π
1056 2111 1091 2149 δ’
1114 2111 1148 2150 8.
1174 2111 1208 2148 ei
1231 2110 1315 2149 duae
1338 2110 1458 2161 legio-

225 2177 293 2202 nes
326 2165 570 2203 abducuntur
605 2178 661 2214 15.
690 2168 771 2213 ejus
797 2176 894 2204 artes
925 2179 983 2216 17.
1011 2165 1141 2204 Galliae
1177 2165 1360 2202 tributum
1388 2165 1459 2202 im‘

226 2217 338 2269 ponit
369 2218 426 2257 18.
454 2218 569 2257 literie
594 2217 748 2257 Caesaris
774 2220 821 2257 ad
852 2219 1021 2258 senatum
1055 2232 1124 2269 pro
1149 2219 1337 2257 concione
1363 2221 1464 2257 reci-

233 2281 361 2310 tantur
376 2285 422 2309 22
443 2270 478 2308 6¹
497 2284 556 2322 23.
581 2282 711 2310 contra
741 2273 924 2311 Caesarem
950 2273 1093 2312 bellum
1120 2273 1321 2311 mandatur
1348 2271 1463 2311 Pom-

228 2330 320 2376 pejo
352 2338 412 2377 25.
445 2324 558 2374 eique
581 2326 785 2374 imperium
813 2328 1016 2376 abrogatur
1050 2328 1088 2365 in
1111 2326 1243 2365 senatu
1272 2339 1334 2378 31.
1363 2337 1464 2364 con·-

230 2380 405 2418 cionatur
432 2379 535 2428 apud
566 2378 732 2427 milites,
761 2381 796 2418 ἃ
822 2381 1046 2430 dignitatem
1081 2380 1186 2420 suam
1215 2379 1369 2417 defendi
1398 2393 1465 2429 pe*

232 2433 278 2471 tit
310 2445 356 2485 37
385 2431 420 2469 6²
455 2431 513 2482 38.
544 2432 756 2470 Ariminum
783 2442 948 2482 occupat
982 2447 1038 2487 39.
1071 2433 1118 2472 ad
1144 2433 1384 2472 Rubiconem
1408 2446 1467 2471 ve-

232 2487 290 2529 nit
303 2517 314 2535 ‚
331 2498 495 2536 eumque
511 2485 639 2526 transit
652 2500 697 2534 4¹
713 2486 822 2537 &42
840 2488 963 2537 rejicit
982 2488 1222 2527 conditiones
1246 2486 1349 2536 pacis
1376 2500 1421 2542 52
1436 2487 1470 2527 g.-

1155 2541 1247 2589 Oa
