1638 2755
469 86 736 135 INDEX
791 87 874 133 IN
924 86 982 134 T.
1034 88 1241 135 LIVII

270 211 359 238 cuni
383 197 430 236 iis
454 196 680 236 societatem
712 196 881 249 jungunt,
918 195 1043 235 Achaei
1079 208 1141 248 23.
1172 193 1316 235 Rhodii
1346 202 1507 246 recupezi

269 263 354 292 rant
380 252 541 292 Peraeam
573 264 638 304 33,
669 250 724 289 18.
758 252 916 289 mittunt
934 249 1079 300 legatos
1106 250 1155 288 ad
1181 249 1415 289 Antiochum
1439 263 1501 289 20.

270 316 426 346 tuentur
461 306 582 344 socios
620 303 837 352 Ptolemaei,
870 305 954 342 ibid.
995 302 1190 353 accipiunt
1223 303 1505 344 Stratoniceam

270 362 391 401 Cariae
408 391 419 406 ‚
439 359 607 408 aliasque
635 359 745 397 urbes
777 372 839 412 33.
868 358 906 395 in
930 357 1031 397 bello
1069 357 1245 396 adversus
1270 355 1506 398 Antiochum

269 417 429 455 mittunt
452 413 605 452 classem
640 412 780 451 auxilio
810 413 992 451 Romanis
1026 412 1071 463 36
1089 441 1099 458 ,
1126 426 1189 465 45.
1219 426 1294 465 37,
1318 426 1355 465 9.
1382 410 1505 448 clallis

248 478 405 509 ‘eorum
433 468 699 518 opprimitura
732 465 967 516 Polyxenida
994 479 1038 505 10
1061 465 1097 503 6³
1125 479 1181 504 11.
1208 478 1340 504 eorum
1365 464 1503 511 lucius,

267 536 314 563 ac
338 523 477 563 deinde
505 522 556 560 ira
585 535 642 560 12.
674 521 833 558 vincunt
860 519 1011 558 clall‘eni
1042 519 1223 559 Antiochi
1249 534 1292 573 23
1320 518 1354 556 6³
1379 532 1440 567 24.
1457 518 1507 569 cf}

268 578 306 616 δ’
329 592 388 630 30.
414 577 536 615 oratio
557 586 688 613 eorum
715 576 753 612 in
783 574 913 613 senatu
938 584 1072 612 contra
1092 574 1304 613 Eumenem
1341 586 1399 626 54.
1425 572 1507 622 Ly-

269 634 330 670 cia
354 634 388 670 &
412 630 521 670 Caria
548 630 591 667 iis
620 629 757 667 dantur
787 628 858 680 38,
880 642 942 681 39.
969 637 1178 677 queruntur
1199 628 1247 666 de
1269 627 1377 666 clade
1396 626 1505 666 Sino-

267 686 442 737 penlium
466 697 540 732 40,
559 697 591 721 2.
624 681 725 721 bello
753 691 894 720 vexant
920 681 1059 731 Lycios
1081 695 1128 731 41
1145 711 1155 728 ‚
1184 695 1242 734 30.
1266 681 1423 731 superba
1441 692 1505 718 eo-

268 754 355 778 tum
385 739 530 789 legatio
558 737 606 775 de
636 734 920 774 reconcilianda
954 748 1043 780 cum
1063 735 1194 774 Perseo
1222 748 1314 785 pace
1336 752 1409 783 44,
1444 747 1503 780 14.

270 794 451 843 castigata
490 804 620 829 eorum
648 787 793 828 ferocia
831 803 888 842 15.
917 789 1067 828 Perseus
1100 802 1166 828 eos
1195 790 1330 827 incitat
1353 789 1400 827 ad
1421 787 1504 826 bel-u

268 849 349 888 lum
383 860 443 898 23.
475 858 609 884 eorum
642 843 758 895 legati
782 844 822 882 in
853 843 969 882 castra
1007 843 1055 882 ad
1079 843 1279 883 AEmilium
1304 842 1506 885 Paullum,

208 906 220 913 “”
270 901 491 947 consulem,
515 899 675 938 veniunt
702 911 760 952 35.
784 898 948 936 invitant
977 898 1121 946 legatos
1157 897 1272 937 Rom.
1305 896 1430 936 miffos
1456 894 1507 933 aci

221 964 224 966 ’
271 954 508 997 Antiochum
536 967 612 1005 45,
654 967 713 992 10.
738 954 779 990 in
811 964 877 991 eos
903 950 1080 1002 asperitas
1118 951 1159 990 C.
1194 950 1369 1000 Popillii,
1392 948 1508 999 legati

267 1011 384 1052 Rom.
410 1011 493 1048 ibid.
524 1010 590 1057 qui
617 1005 747 1046 Perseo
773 1006 964 1053 faverant,
987 1007 1218 1044 damnantur
1239 1005 1397 1055 capitis,
1423 1004 1511 1042 ibid.

269 1078 403 1104 eorum
418 1064 531 1113 legati
557 1061 655 1100 male
677 1061 919 1110 excipiuntur
933 1059 1066 1098 Romae
1083 1073 1143 1098 20.
1162 1068 1293 1097 contra
1310 1072 1375 1096 eos
1388 1057 1507 1097 Thal-

268 1133 347 1167 nae,
363 1118 534 1169 praetoris
549 1147 559 1163 ‚
580 1115 726 1166 rogatio
749 1128 811 1154 21.
831 1126 964 1152 eorum
995 1114 1035 1151 in
1063 1112 1195 1152 senatu
1221 1112 1341 1151 oratio
1363 1126 1424 1151 22.
1446 1124 1509 1150 ea-

270 1183 384 1214 tenus
405 1170 537 1210 sociali
559 1170 706 1208 foedere
729 1181 819 1207 cum
845 1167 1027 1208 Romanis
1044 1180 1122 1205 non
1147 1167 1281 1215 illigati
1297 1196 1307 1214 ,
1334 1175 1428 1204 tunc
1452 1165 1511 1204 so-

271 1230 452 1267 cietatem
489 1225 695 1275 petendam
730 1232 869 1272 putant
897 1237 958 1275 25.
992 1221 1137 1271 legatos
1164 1221 1321 1260 mittunt
1342 1220 1508 1260 Romam

270 1284 344 1331 46,
365 1297 401 1330 4.
421 1293 478 1318 res
501 1291 633 1317 eorum
658 1277 784 1316 accisa
814 1291 827 1315 1
842 1291 871 1315 1.
899 1275 1054 1328 publice
1076 1276 1218 1314 innoxii
1241 1290 1298 1316 12.
1314 1273 1508 1325 postulant

269 1336 390 1385 recipi
416 1336 456 1373 in
488 1333 741 1382 societatem,
765 1332 850 1369 ibid.
885 1330 1029 1370 victum
1056 1342 1076 1368 a
1104 1329 1248 1369 Caesare
1281 1330 1510 1379 Pompeium

269 1391 409 1440 jubent
425 1386 621 1427 discedere
639 1400 783 1437 112‚9.
813 1384 957 1424 Rhodii
974 1384 1146 1434 linguam
1168 1383 1312 1422 habent
1335 1383 1510 1422 venalem

272 1458 347 1495 45,
372 1457 430 1482 10.
456 1441 598 1481 Rhodii
626 1440 778 1491 remigis
809 1439 1052 1478 ratiocinatio
1083 1452 1178 1487 112,
1208 1454 1244 1487 4.
1266 1438 1508 1477 Rhodiorum

271 1501 321 1538 ad
349 1496 516 1538 Cassium
552 1495 692 1544 legatio
720 1497 754 1533 δε
779 1492 924 1532 diversa
955 1493 1076 1532 studia
1107 1507 1206 1541 122,
1229 1492 1278 1539 8,
1314 1507 1350 1546 9.
1383 1490 1509 1530 navali

275 1565 405 1604 pugna
429 1551 632 1590 vincuntur
655 1548 809 1588 aStatio
830 1547 971 1588 Murco
1000 1547 1060 1586 18.

218 1609 389 1654 Rhodus,
417 1604 541 1644 insula
568 1618 632 1657 31,
658 1616 717 1655 ¹5·
746 1602 937 1641 obsidetur
965 1615 986 1640 a
1007 1599 1229 1642 Mithridate
1251 1599 1327 1650 78,
1360 1598 1417 1638 18.
1439 1599 1508 1648 qui

273 1663 413 1713 pugnis
433 1658 635 1698 navalibus
658 1657 779 1696 vietus
793 1687 803 1704 ,
823 1658 858 1696 δε
872 1655 1040 1706 repulsus
1056 1686 1066 1702 ‚
1081 1655 1127 1694 ab
1146 1654 1345 1693 oblidione
1363 1653 1508 1692 recedit

248 1716 251 1719 “
278 1731 324 1770 19
340 1739 385 1745 -
403 1714 465 1754 28.
487 1712 670 1753 Rhodum
694 1723 917 1761 oppugnare
933 1711 1058 1748 statuit
1074 1708 1215 1748 Callius
1236 1722 1330 1754 122,
1352 1722 1389 1759 7.
1406 1706 1510 1746 Rho-

274 1771 345 1809 dus
369 1768 542 1819 capitur,
570 1766 759 1815 Caffiique
784 1766 823 1803 in
848 1764 1021 1804 Rhodios
1043 1763 1216 1803 severitas
1247 1776 1290 1815 19
1315 1762 1349 1799 ἐξ)
1371 1775 1432 1801 20.

223 1826 444 1871 Rhoduntia,
472 1833 659 1861 cacumen
682 1819 822 1858 montis
849 1820 948 1859 OEtae
978 1819 1052 1871 36,
1078 1818 1134 1857 16.

219 1881 397 1918 Rhoeteum
413 1908 424 1925 ,
451 1875 583 1926 oppid.
607 1887 678 1927 37,
699 1887 723 1926 9
746 1873 781 1910 ὅ»
798 1887 857 1926 37.
879 1872 940 1925 38,
962 1884 1020 1925 39.

220 1933 440 1985 Rhomplzaeae
459 1930 656 1981 Thracum
693 1940 733 1977 31
751 1956 762 1975 a
794 1940 852 1979 39.

219 1988 377 2039 Rogatio
394 1985 442 2023 de
454 1983 614 2022 tribunis
628 1982 678 2032 pl.
695 1994 774 2019 non
788 1981 909 2027 aliter,
926 1991 1041 2029 quam
1058 1991 1124 2028 per
1139 1975 1315 2027 suffragia
1331 1976 1513 2026 tribuum,

277 2039 450 2078 creandis
468 2051 500 2089 3,
523 2039 586 2090 65.
601 2037 650 2074 de
674 2036 872 2073 connubio
891 2035 1038 2073 Patruni
1057 2034 1091 2071 Sc
1105 2032 1155 2082 pl.
1170 2049 1193 2080 4
1210 2063 1219 2077 ,
1244 2046 1274 2070 1.
1302 2031 1349 2069 de
1367 2032 1513 2070 facien-

277 2094 336 2134 dis
357 2091 579 2136 eonsulibus
609 2089 673 2129 scu
698 2090 746 2128 de
773 2088 884 2138 plebe
901 2118 911 2134 7
952 2087 1015 2126 seu
1048 2087 1095 2124 de
1124 2086 1320 2135 Patribus,
1353 2086 1437 2124 ibid.
1462 2086 1511 2124 de

276 2147 522 2198 pubhcandis
548 2145 658 2184 bonis
689 2143 836 2184 Servilii
869 2141 996 2181 Ahalaz
1037 2155 1096 2178 21.
1137 2149 1177 2178 ut
1203 2153 1291 2189 ager
1321 2152 1367 2178 ex
1399 2139 1512 2178 hosti÷

274 2202 348 2242 bus
368 2209 503 2251 captus
527 2199 672 2239 viritim
689 2195 892 2237 'dividatur
920 2196 983 2244 48.
1009 2204 1050 2233 ut
1078 2207 1146 2244 pro
1171 2194 1376 2233 duumviris
1402 2192 1514 2232 sacris

275 2255 472 2296 faciundis
497 2263 673 2292 creentur
696 2250 902 2291 decemviri
931 2253 974 2296 6,
1004 2264 1067 2304 ¹57.
1094 2250 1142 2287 de
1171 2249 1337 2287 unciario
1364 2247 1514 2284 foenore

274 2326 326 2361 7,
342 2312 401 2350 16.
426 2309 474 2347 de
488 2307 716 2348 Tusculanis
731 2306 769 2353 8,
791 2319 849 2357 37.
873 2313 913 2342 ut
929 2304 1068 2342 tribuni
1095 2303 1259 2341 militum
1281 2301 1356 2339 seni
1371 2301 1456 2338 deni
1473 2301 1513 2338 in

279 2374 444 2413 quatuor
461 2363 629 2413 legiones
652 2374 672 2399 a
699 2360 846 2411 populo
868 2369 1044 2398 creentur
1067 2372 1114 2408 9,
1147 2370 1205 2408 30.
1235 2357 1284 2394 de
1301 2355 1511 2393 duumviris

278 2417 478 2460 navalibus
515 2416 716 2467 creandis,
752 2415 834 2454 ibid,
866 2414 914 2454 de
948 2411 1195 2465 pontificibus
1233 2405 1513 2461 auguribusque
