1638 2755
497 122 761 170 INDEX
814 120 894 167 IN
937 118 999 167 T.
1042 119 1252 166 LIVII

280 232 427 273 recedit
456 231 515 285 38.
536 231 649 270 caedit
668 230 814 270 AEtolos
840 242 886 277 41
915 228 1027 276 (942.
1054 227 1094 266 in
1115 239 1204 267 eum
1228 226 1511 268 Atheniensium

279 289 434 328 decreta
462 300 526 335 44.
553 284 824 331 Thaumacos,
851 283 982 322 frustra
1004 291 1190 331 tentatos,
1214 282 1350 320 deserit
1371 282 1516 334 Philip·

278 355 351 393 pus
380 355 452 393 32,
476 355 512 388 4.
543 341 625 388 ejus
652 340 822 377 anxietas
851 339 886 377 ἃ
915 349 1013 375 curae
1046 349 1076 387 5.
1106 335 1287 375 conciliat
1318 336 1380 374 libi
1408 336 1514 375 Grae-

278 408 346 435 cos
373 398 407 435 ὁὶ
431 393 690 437 Macedonas,
718 394 803 432 ibid.
827 402 994 441 occupat
1016 390 1147 428 fauces
1168 391 1405 439 Antigonice‚
1425 392 1511 429 ibid.

279 449 397 488 castra
430 449 544 498 ponit
583 447 631 485 ad
665 447 813 494 Aoum,
847 446 931 483 ibid.
961 446 1042 492 ejus
1076 443 1313 493 colloquium
1347 456 1434 482 cum
1463 443 1513 483 T.

279 502 464 553 Quinctio
482 532 493 549 ,
529 500 604 539 cos.
643 514 702 539 ιο.
734 512 819 539 eum
845 499 1062 549 aggreditur
1091 498 1295 546 Quintftius
1319 499 1354 536 ἃ
1379 498 1512 546 fugere

277 558 383 608 cogit
410 558 451 595 in
472 554 706 595 Thess'aliam
732 567 790 593 12.
818 554 856 591 in
881 553 1156 593 Macedoniam
1185 548 1378 601 Philippus
1409 551 1512 589 redit

279 624 342 664 13.
369 613 451 660 ejus
477 609 659 648 societate
691 606 847 654 felir—ata,
870 606 1001 646 Achaei
1024 605 1061 644 se
1085 607 1301 654 adjungunt
1330 604 1512 644 Romanis

281 677 450 719 19—23.
497 665 578 711 ejus
614 674 758 701 nomen
792 664 832 700 in
860 661 1026 699 comitiis
1052 661 1276 709 Argivorum
1306 658 1512 698 recitatum

273 719 358 770 post
383 719 549 766 Jovem,
579 715 821 766 Apollinem,
841 716 876 754 ὃς
893 712 1100 754 Herculem
1131 726 1192 767 25.
1219 715 1300 761 ejus
1329 712 1508 761 praefeeto

274 772 439 813 Philocli
476 772 596 821 Argos
623 771 819 820 proditur,
857 769 942 807 ibid.
970 770 1052 816 ejus
1086 780 1174 806 cum
1210 768 1396 817 Quinctio
1431 765 1509 806 cofi

274 826 515 876 colloquium
547 825 712 877 32—36.
751 822 954 873 Philippus
984 821 1146 861 dicatior
1175 831 1277 869 erat,
1311 833 1425 869 quam
1457 833 1516 858 re-

275 894 362 925 gem
391 881 503 918 decet
529 893 588 931 34.
617 879 665 930 cfl
688 879 721 917 δ’
744 878 818 930 36,
841 891 900 925 14.
928 876 1023 926 petit
1046 888 1066 913 a
1090 875 1274 924 Quinctio
1299 883 1339 912 ut
1360 874 1508 923 legatos

272 930 442 969 Romam
465 933 615 971 mittere
639 933 753 971 liceat
778 945 842 984 32,
869 931 929 983 36.
956 931 1134 979 impetrat
1156 927 1328 966 inducias
1345 925 1383 963 in
1411 928 1510 964 duos

271 982 444 1029 menses,
470 982 555 1020 ibid.
579 982 660 1029 ejus
676 981 814 1030 legati,
837 998 876 1018 re
899 983 1038 1017 infecta
1053 1013 1063 1026 ‚
1081 981 1287 1018 discedunt
1306 979 1427 1017 Roma
1449 990 1509 1026 37.

272 1038 400 1078 foedus
424 1036 516 1074 facit
545 1047 633 1073 cum
661 1034 810 1074 Nabide
839 1032 900 1085 38.
925 1033 1152 1082 Argivorum
1184 1031 1321 1070 urbem
1349 1030 1509 1069 fiducia,

272 1094 370 1131 riam
402 1090 548 1130 Nabidi
576 1089 713 1135 tradit,
745 1088 830 1126 ibid.
869 1085 1000 1138 &sqq
1035 1087 1118 1134 ejus
1150 1093 1351 1135 apparatus
1379 1081 1446 1137 33,
1472 1099 1510 1137 3.

271 1146 322 1185 ad
344 1152 438 1184 'eum
456 1143 656 1183 contendit
673 1142 875 1192 Quinctius
899 1139 974 1179 cos.
999 1141 1083 1177 ibid.
1116 1140 1315 1189 copiarum
1338 1137 1508 1188 Philippi

269 1211 455 1238 numerus
478 1213 513 1245 4.
544 1197 660 1236 castra
689 1198 800 1247 ponit
823 1194 871 1233 ad
897 1193 1204 1245 Cynoscephalas
1230 1207 1268 1244 7.
1295 1191 1507 1242 proelium,

270 1267 348 1305 quo
389 1254 553 1291 vincitur
588 1265 720 1301 7—10
761 1250 1057 1288 caduceatorem
1089 1248 1205 1286 mittit
1229 1247 1277 1285 ad
1309 1247 1506 1286 Romanos

272 1322 337 1347 11.
359 1308 391 1346 ei
417 1308 582 1345 induciae
616 1304 838 1355 quindecim
874 1304 1022 1341 dierum
1048 1301 1146 1342 datae
1177 1315 1234 1340 12.
1262 1301 1505 1350 colloquium

210 1383 214 1385 *
268 1364 318 1401 ad
332 1363 481 1411 Tempe
503 1373 560 1411 13.
577 1360 678 1410 pacis
702 1358 804 1408 leges
827 1369 916 1396 cum
934 1355 1130 1406 Philippo,
1148 1357 1232 1396 ibid.
1253 1354 1288 1391 ἐξ»
1314 1368 1373 1406 30.
1389 1355 1505 1393 caedit

267 1416 470 1456 Dardanos
491 1429 547 1467 19.
568 1427 645 1463 pax
667 1425 756 1451 cum
771 1425 816 1451 eo
839 1426 859 1450 a
877 1410 1022 1460 populo
1039 1409 1134 1458 jussa
1151 1424 1212 1463 25.
1241 1409 1347 1447 deco
1371 1408 1506 1447 trium-

216 1499 218 1501 >
266 1470 363 1520 phat
396 1469 599 1518 Quinctius
636 1480 705 1518 34,
739 1480 796 1520 5²·
842 1465 1084 1511 Demetrius,
1115 1465 1198 1512 ejus
1231 1462 1352 1509 filius,
1391 1462 1504 1502 obses

268 1533 359 1562 ante
385 1536 539 1561 currum
568 1519 842 1571 triumphantis
868 1521 1025 1568 duetus,
1048 1519 1136 1557 ibid.
1167 1530 1254 1556 eum
1283 1518 1331 1555 ad
1355 1515 1503 1556 bellum

262 1577 532 1616 renovandum
548 1576 707 1613 incitant
729 1573 846 1614 AEtoli
867 1586 910 1625 35
931 1604 943 1619 ,
963 1587 1021 1611 12.
1045 1571 1190 1622 legatos
1217 1571 1379 1610 Romam
1411 1573 1505 1608 mit-

264 1633 332 1679 tit,
358 1630 584 1681 pollicentes
612 1628 794 1669 Romanis
822 1627 963 1667 auxilia
986 1627 1035 1665 ad
1052 1625 1196 1665 bellum
1222 1624 1396 1664 adversus
1418 1626 1502 1663 An-

265 1686 444 1724 tiochum
477 1685 549 1736 36,
573 1699 610 1732 4.
649 1695 738 1721 cum
768 1683 963 1721 fortunam
991 1679 1176 1731 speculari
1203 1680 1243 1717 in
1277 1680 1407 1718 animo
1432 1677 1499 1716 ha-

263 1740 391 1787 beret,
415 1737 580 1778 offensus
603 1737 650 1776 ab
676 1737 868 1776 Antiocho
887 1767 897 1784 ,
926 1735 964 1774 se
990 1735 1115 1784 jungit
1141 1734 1323 1773 Romanis
1344 1732 1379 1772 8.
1411 1745 1499 1782 pro-

263 1794 447 1833 ficiscitur
475 1794 512 1831 in
543 1791 774 1831 Thefl'aliam
806 1805 865 1844 13.
900 1791 1004 1840 capit
1035 1788 1217 1839 quasdam
1244 1787 1383 1834 urbes,
1409 1788 1496 1825 ibid.

261 1847 491 1888 Athamania
512 1845 657 1896 potitur
677 1860 734 1894 14.
750 1846 797 1884 ab
821 1843 1110 1895 oppugnatione
1121 1842 1260 1883 Lamiae
1279 1842 1388 1890 jubet
1408 1851 1499 1880 eum

262 1901 459 1940 discedere
484 1899 626 1939 Acilius
662 1899 737 1937 cos.
778 1912 839 1951 25.
874 1898 1089 1937 Demetrias
1119 1897 1155 1935 se
1185 1895 1359 1945 Philippo
1387 1895 1498 1933 dedit

262 1968 322 2009 33.
347 1955 528 1994 exercitui
546 1955 656 1993 Rom.
677 1965 743 2002 per
759 1952 852 1990 fines
872 1952 956 1990 suos
983 1949 1215 1996 transeunti,
1239 1950 1370 1987 omnia
1389 1958 1499 1998 parat

261 2022 335 2062 37,
354 2024 391 2058 7.
423 2012 503 2057 ejus
548 2008 715 2057 praelidia
745 2004 988 2056 expelluntur
1018 2004 1245 2043 Athamania
1272 2003 1342 2055 38,
1376 2017 1408 2041 1.
1439 2003 1497 2040 in·-

259 2064 430 2112 greditur
457 2075 546 2100 curn
583 2061 753 2099 exercitu
784 2060 1054 2098 Athamaniam
1082 2073 1116 2097 2.
1150 2056 1368 2107 repellitur,
1406 2057 1494 2095 ibid.

257 2117 378 2155 causae
401 2118 540 2154 irarum
568 2117 648 2163 ejus
666 2116 704 2152 in
730 2113 926 2154 Romanos
953 2127 1024 2167 39,
1047 2126 1107 2164 23.
1136 2111 1284 2161 colligit
1308 2112 1405 2149 vires
1432 2123 1496 2160 24,

259 2171 310 2210 de
334 2184 379 2208 eo
408 2169 677 2210 Theffalorum
701 2168 941 2217 aliorumque
971 2165 1158 2216 querelae,
1177 2166 1260 2205 ibid.
1286 2164 1403 2213 legati
1422 2163 1498 2203 Ro-

258 2237 323 2264 ma
351 2224 450 2264 miffi
482 2225 531 2262 ad
561 2235 623 2262 eas
650 2222 923 2261 controverlias
961 2220 1256 2270 disceptandas,
1292 2219 1377 2257 ibid.
1406 2217 1497 2256 Phi-

253 2279 385 2329 lippus
420 2279 621 2328 respondet
656 2276 819 2326 querelis
852 2275 1120 2315 'Phess'alor'um
1155 2273 1216 2313 26.
1251 2274 1331 2320 ejus
1363 2271 1495 2310 minax

207 2357 209 2360 .
254 2333 423 2381 dicium,
447 2334 530 2371 ibd.
563 2331 768 2381 respondet
804 2330 1084 2370 Maronitarum
1119 2330 1153 2367 ὃς
1187 2325 1364 2367 Eumenis
1391 2324 1494 2374 lega-

254 2389 305 2426 tis
331 2387 391 2426 28.
421 2387 569 2425 animus
602 2388 683 2435 ejus
717 2385 904 2424 alienatus
933 2383 982 2422 ab
1010 2382 1214 2429 Romanis,
1245 2381 1329 2430 ibid.
1361 2378 1495 2419 Maro,

208 2468 211 2473 -
255 2442 354 2487 nitas
388 2440 593 2481 crudeliter
620 2440 788 2480 trucidat
822 2454 883 2493 34.
917 2438 967 2483 ad
995 2436 1197 2491 purganda
1225 2434 1386 2487 crimina
1409 2433 1497 2475 mita

939 2572 944 2590 l
