1638 2755
438 118 708 167 INDEX
761 120 841 167 IN
892 120 950 167 T.
1003 117 1203 166 L1v11

234 228 303 276 46.
324 227 519 267 consulem
545 228 584 268 L.
615 227 777 267 Cinnam
814 226 995 276 designari
1023 227 1161 276 patitur
1194 238 1257 276 47.
1289 228 1371 275 ejus
1399 228 1464 267 ar}-

234 281 386 321 versarii
416 282 624 321 moliuntur
657 294 712 319 res
738 294 856 319 novas
880 280 941 328 48.
957 282 990 319 ἑὲ
1011 280 1061 331 78
1078 311 1089 327 ,
1114 295 1187 332 29,
1211 293 1269 331 30.
1295 283 1461 320 defensio

233 348 305 386 pro
335 335 438 376 Sulla
466 348 527 389 33.
551 334 799 384 proficiscitur
827 335 866 372 in
891 333 1010 372 Asiam
1044 347 1102 385 37.
1128 346 1174 372 eo
1199 333 1350 372 absente
1375 336 1464 374 Cin-

235 402 284 428 na
297 391 332 429 Sc
348 390 493 429 Marius
511 390 644 428 urbem
666 389 809 426 intrant
822 387 1090 437 ,caedibusque
1106 386 1253 437 replent
1266 388 1341 436 80,
1362 401 1458 441 39-—

242 457 307 492 ·42.
331 445 411 491 ejus
439 456 536 482 uxor
563 442 696 492 effugit
721 441 935 492 periculum
953 455 1016 493 43.
1044 442 1082 479 in
1099 442 1260 480 Atticam
1286 441 1463 481 adversus

237 496 466 537 Archelaum
491 496 739 547 proficiscitur
764 495 809 534 81
828 525 839 542 ,
867 510 898 534 1.
924 496 972 534 ad
996 508 1081 534 eum
1109 495 1292 533 deficiunt
1309 495 1466 535 Theba-

236 551 276 590 ni
305 565 339 589 2.
360 551 479 590 vincit
505 551 634 601 copias
665 548 898 589 Mithridatis
921 564 958 596 4.
988 558 1188 599 oppugnat
1218 550 1396 589 Piraeeum
1424 550 1459 587 6.

237 603 362 644 sacros
405 604 556 645 Graeciae
587 602 781 642 thesauros
806 602 940 653 spoliat
967 618 1002 653 7.
1034 606 1068 642 ἃ
1096 605 1133 641 in
1168 615 1211 641 ea
1248 616 1286 641 re
1316 603 1466 641 facetiis

237 657 339 698 ludit
363 658 399 698 8.
431 659 563 696 nititur
593 669 782 706 occupare
809 656 974 696 Athenas
1010 671 1067 696 10.
1093 659 1174 705 ejus
1210 669 1298 695 cum
1324 655 1464 695 Arche-

239 712 303 753 lao
329 711 508 762 proelium
540 726 597 759 14.
622 712 739 749 castra
767 710 815 749 ad
840 710 1035 750 Eleusinen
1060 719 1188 749 movet
1212 724 1270 763 15.
1299 710 1465 749 Athenas

239 766 511 804 circummunit
545 780 608 813 24.
650 764 832 804 Piraeeum
866 764 999 802 acriter
1037 775 1258 814 oppugnat,
1294 765 1458 802 resisten-

239 820 345 858 tibus
374 820 521 857 strenue
550 818 661 869 regiis
686 832 732 872 25
761 820 795 857 c}-
819 818 879 856 26.
907 817 979 856 alia
1007 820 1245 868 oppugnatio
1267 818 1402 856 itidem
1421 818 1467 855 ir-

239 874 310 912 rita
332 887 393 923 27.
415 873 545 912 Aristio
567 871 771 911 familiares
798 872 943 921 aliquot
965 872 1013 910 de
1033 884 1126 922 pace
1145 872 1192 910 ad
1221 871 1364 911 Sullam
1377 872 1466 910 mit-

238 929 289 965 tit
311 941 373 979 29.
397 926 510 966 Sullae
526 925 747 976 responsum
768 940 830 980 43.
857 935 1052 976 expugnat
1078 925 1265 973 Athenas,
1293 924 1358 964 sed
1375 938 1465 964 exo-

237 989 341 1019 ratus
365 981 450 1020 urbi
471 981 592 1031 parcit
614 994 665 1028 44
687 979 721 1017 ἃ
738 980 802 1027 46.
828 980 1029 1029 oppidanis
1045 979 1260 1018 libertatem
1282 979 1461 1018 concedit

239 1049 304 1084 47.
327 1036 569 1085 expugnat&
588 1034 764 1073 Piraeeum
793 1046 834 1087 5¹
854 1033 887 1070 ἃ
908 1046 965 1086 52.
984 1034 1088 1082 quod
1113 1036 1150 1071 in
1166 1034 1356 1072 Boeotiam
1371 1047 1461 1072 con-

236 1089 390 1135 tendat,
423 1102 443 1127 a
469 1087 599 1127 multis
623 1087 909 1137 reprehenditur
936 1087 986 1126 82
1002 1119 1014 1135 ‚
1042 1101 1073 1126 1.
1097 1089 1178 1136 ejus
1202 1088 1402 1138 prudentia
1424 1102 1460 1127 2.

239 1143 290 1182 ad
313 1155 401 1182 eum
426 1143 531 1181 venit
560 1141 781 1181 Hortensius
817 1153 848 1193 3.
875 1141 971 1180 intra
1002 1140 1145 1180 vallum
1179 1140 1264 1180 suos
1291 1141 1465 1180 continet

245 1210 279 1249 ς.
317 1195 458 1246 eosque
482 1196 529 1234 ad
559 1195 790 1246 poscendam
824 1208 993 1245 pugnam
1021 1195 1140 1245 adigit
1170 1196 1206 1234 6.
1236 1198 1316 1244 ejus
1344 1195 1467 1233 strata-

242 1262 355 1299 gema
387 1249 422 1288 8.
444 1249 611 1299 sequitur
642 1248 866 1288 Archelaum
886 1263 921 1301 9.
947 1250 1070 1288 aciem
1097 1249 1242 1287 instruit
1276 1263 1331 1287 11.
1356 1248 1466 1299 equi-

240 1312 300 1342 tes
326 1303 501 1343 Archelai
535 1302 683 1352 repellit
712 1316 770 1354 13.
803 1302 875 1342 suis
906 1302 1165 1342 laborantibus
1198 1302 1403 1349 succurrit,
1429 1302 1467 1342 δε

242 1358 393 1409 egregia
415 1358 572 1397 victoria
598 1358 742 1407 potitur
779 1370 821 1408 15
849 1359 883 1395 δ’
916 1356 973 1396 16.
999 1356 1188 1397 Elatenses
1221 1365 1465 1404 remunerat,

242 1413 278 1451 ὃς
305 1411 514 1452 Thebanos
542 1412 651 1461 punit
681 1423 740 1462 19.
776 1409 968 1460 profectus
1007 1410 1199 1458 Athenas,
1226 1411 1464 1457 Aristionem‚

241 1465 398 1514 ejusque
429 1464 609 1504 satellites
636 1465 747 1514 punit
781 1477 840 1502 21.
884 1464 989 1514 quod
1022 1465 1159 1504 Flacco
1194 1463 1342 1503 consuli
1378 1463 1466 1503 bel·

240 1519 322 1559 lum
341 1519 648 1558 Mithridaticum
671 1518 868 1557 decretum
883 1518 1029 1568 fuerat,
1049 1518 1150 1559 Sulla
1171 1519 1211 1556 in
1235 1516 1465 1558 Thessaliam

243 1573 352 1612 ducit
374 1587 434 1623 25.
467 1581 612 1623 pugnat
638 1572 687 1611 ad
716 1570 1007 1611 Orchomenum
1040 1572 1100 1612 28.
1132 1574 1212 1621 ejus
1243 1572 1466 1621 stratagema

244 1629 279 1667 ἃ
298 1628 487 1666 strenuum
508 1627 653 1666 factum
679 1640 726 1678 29
744 1626 778 1663 δ’
795 1638 853 1678 30.
880 1627 1029 1676 egregie
1046 1626 1186 1673 vincit,
1199 1625 1367 1675 fossaque
1390 1626 1465 1663 cir⁶

243 1681 402 1720 cumdat
428 1680 552 1719 hostes
590 1693 631 1732 31
665 1676 783 1733 &³32
814 1690 1014 1730 oppugnat
1043 1681 1220 1730 capitque
1249 1680 1364 1718 castra
1397 1680 1463 1718 Ar⁴²

243 1734 368 1773 chelai
401 1736 491 1786 3362
511 1747 569 1785 34.
600 1733 788 1783 dispensat
810 1734 962 1782 praemia
989 1746 1046 1786 35.
1075 1729 1466 1773 Mithridates'Arche.

241 1788 348 1829 laum
371 1790 530 1827 tractare
557 1787 605 1825 de
636 1799 730 1837 pace
763 1787 873 1835 jubet
902 1800 991 1826 cum
1025 1787 1127 1827 Sulla
1165 1800 1223 1839 50.
1263 1786 1375 1827 Sullae
1405 1799 1465 1824 re·

239 1841 421 1893 sponsum
451 1857 509 1895 52.
529 1840 757 1881 Archelaum
786 1841 833 1879 ad
863 1840 1118 1890 proditionem
1149 1841 1282 1888 illicit,
1312 1839 1379 1879 illo
1401 1840 1466 1879 ab,

241 1906 385 1936 nuente
406 1908 450 1950 53
465 1897 499 1934 ἐξ
517 1907 574 1947 54.
597 1894 765 1934 irascitur
780 1893 965 1934 Archelao
993 1907 1050 1947 55.
1070 1894 1174 1946 pacis
1199 1895 1296 1933 inter
1318 1903 1465 1933 utrum.

242 1962 318 1999 que
347 1949 587 1988 conditiones
613 1949 669 2000 56.
696 1948 814 1987 vincit
840 1946 1009 1988 Thraces
1038 1948 1162 2001 83‚9.
1190 1947 1318 1997 plures
1342 1946 1464 1986 claros

239 2005 342 2041 viros
378 2003 427 2041 ad
455 2015 541 2041 eum
576 2002 706 2052 fugere
741 2002 847 2052 cogit
885 2000 1022 2040 saevitia
1052 2002 1181 2040 Cinnae
1209 2003 1245 2040 &
1280 2001 1464 2040 Carbonis

239 2056 331 2096 coss.
369 2057 454 2097 ibid.
486 2055 611 2094 literas
643 2055 760 2094 mittit
791 2055 840 2096 ad
874 2054 1046 2094 senatum
1086 2069 1143 2096 10.
1173 2054 1348 2093 adversus
1373 2067 1463 2093 eum

240 2110 280 2150 se
310 2118 443 2160 parant
468 2108 640 2149 consules
677 2123 734 2147 12.
760 2110 921 2147 comiter
949 2110 1081 2147 tractat
1113 2107 1337 2147 Archelaum
1364 2121 1464 2146 mor-

240 2164 292 2204 bo
317 2164 418 2213 apud
443 2163 480 2202 se
499 2162 796 2203 decumbentem
824 2175 881 2213 17.
909 2161 1147 2201 Mithridatis
1174 2161 1307 2212 legatis
1335 2161 1462 2222 aspere

237 2217 444 2266 respondet
472 2216 530 2256 18.
561 2217 608 2256 ab
641 2214 825 2256 Archelao
859 2215 1029 2264 placatur
1062 2229 1120 2268 19.
1152 2216 1200 2254 ad
1226 2215 1462 2266 colloquium

240 2270 478 2311 ,Mithridatis
503 2270 624 2321 pergit
653 2283 715 2309 20.
748 2268 924 2308 occursus
952 2268 1062 2309 Sullae
1090 2270 1126 2308 δε
1150 2269 1247 2320 regis
1277 2283 1338 2308 21.
1373 2267 1463 2309 Sul·

237 2325 285 2364 1ae
308 2323 524 2375 responsum
550 2324 596 2362 ad
622 2322 859 2364 Mithridatis
884 2323 1162 2362 accusationem
1186 2337 1234 2362 22
1255 2324 1290 2362 ee
1307 2336 1365 2375 23.
1393 2322 1462 2360 ad..

234 2377 360 2417 versus
401 2377 608 2418 Fimbriam
647 2384 777 2416 movet
815 2389 875 2427 30.
910 2378 946 2415 ei
985 2377 1236 2426 percussorem
1274 2375 1460 2414 subornat

234 2431 402 2474 'fimbria
435 2445 495 2486 33,
531 2430 637 2472 Sulla
664 2431 777 2471 Ilium
807 2430 981 2470 instaurat
1011 2430 1074 2485 36.
1107 2429 1312 2470 militarem
1347 2427 1459 2470 disci„
