1638 2755
492 147 757 198 INDEX
800 146 881 195 IN
933 144 990 195 T.
1039 141 1253 193 LIVII

291 250 491 294 Caesariani
521 252 660 293 milites
691 265 760 303 pro
798 250 1022 291 Antonianis
1055 251 1308 299 deprecantur
1341 263 1401 302 27.
1435 258 1524 289 eum

291 322 358 359 per
381 307 545 359 speciem
574 307 730 345 honoris
758 305 878 345 Caesar
899 312 1052 344 amovet
1088 313 1187 355 127,
1214 303 1250 343 8.
1357 334 1363 342 ,

232 362 297 405 Μ.
323 363 531 408 Antonius,
565 361 740 412 magister
768 360 940 410 equitum
967 358 1063 398 vitio
1094 367 1270 405 creatus,
1308 356 1463 396 abdicat
1488 355 1524 397 se

290 417 508 467 magistratu
535 415 584 464 8,
617 425 675 466 ¹7.

236 471 296 509 M.
329 471 535 513 Antonius,
565 470 651 509 trib.
680 467 732 519 pl.
767 466 985 508 adversatur
1019 465 1211 518 rogationi
1242 462 1403 506 Thalnae
1431 478 1527 516 prae-

292 521 383 560 toris
411 533 484 572 45,
512 532 574 559 21.

235 576 306 616 M-
337 574 544 620 Antonius,
581 571 761 622 quaestor,
787 569 918 610 incesti
956 570 1183 621 accusatus,
1211 571 1420 612 absolvitur
1448 575 1524 628 63,

297 643 356 668 12.
386 626 555 676 ejusdem
597 626 691 664 servi
716 625 810 664 fides
841 627 875 664 δι
902 624 1111 663 constantia
1142 637 1198 678 13.
1234 634 1370 672 praetor
1393 636 1523 666 contra

290 685 431 734 piratas
465 681 630 720 mittitur
661 680 735 727 68,
776 693 806 717 1.
838 680 921 728 ejus
948 691 1036 716 eum
1070 678 1158 717 Sex.
1194 676 1300 717 Titio
1330 684 1524 714 certamen

289 739 371 791 69.
399 747 463 785 45.
486 735 541 775 M.
579 733 784 784 Aquillium
821 730 996 771 desendit
1027 741 1101 782 70,
1127 746 1159 785 5.
1196 729 1353 769 excusat
1381 743 1523 778 reum,

290 789 397 840 quod
424 788 637 839 supplicare
663 787 805 825 neseiat
832 788 869 826 6.
897 786 1026 824 tunica
1061 787 1142 834 ejus
1176 783 1347 830 discissa,
1375 784 1525 823 cicatri-

291 857 354 899 qes
377 844 558 882 monstrat
582 857 619 893 7.
644 841 818 891 proditur
846 839 922 885 80,
953 851 1010 893 39.
1037 852 1057 877 a
1077 839 1233 878 tribuno
1257 837 1446 877 occiditur
1458 852 1523 887 40.

237 900 297 940 M.
321 899 527 943 Antonius,
551 898 587 935 ei
617 897 735 934 totius
756 907 831 933 orae
854 895 1053 932 maritimae
1081 893 1285 943 imperium
1308 892 1417 930 datur
1445 905 1493 945 93
1510 922 1521 939 ‚

298 967 355 1003 17.
384 961 518 1001 praetor
534 949 774 990 Cretensibus
798 947 940 987 bellum
958 947 1072 986 infert
1091 960 1167 1001 97,
1193 961 1251 996 14.
1265 946 1526 996 vietus‚aegri‹

292 1007 426 1046 tudine
452 1006 573 1044 animi
592 1004 751 1043 moritur
782 1012 839 1055 15.

236 1062 305 1101 M..
329 1061 516 1100 Antonius
545 1060 585 1097 C.
608 1059 649 1097 F.
678 1060 735 1097 M.
764 1059 817 1095 N.
853 1055 929 1095 cos.
964 1069 1042 1106 70,
1075 1068 1134 1108 15·
1162 1053 1260 1103 juffu
1289 1052 1404 1093 Marii
1435 1066 1455 1092 a
1480 1052 1524 1093 P.

294 1115 421 1154 Annio
445 1113 531 1152 trib.
563 1111 613 1163 pl.
636 1111 825 1150 occiditur
849 1110 922 1158 80,
947 1123 1012 1157 40.
1032 1110 1114 1158 ejus
1140 1116 1255 1158 caput
1276 1108 1325 1146 ad
1352 1106 1523 1147 Marium

293 1168 457 1208 relatum
490 1167 528 1205 in
552 1167 640 1218 ipsis
664 1164 798 1204 mensis
824 1165 1056 1214 apponitur,
1089 1163 1173 1201 ibid.

231 1225 298 1262 M.
328 1222 479 1261 Antonii
503 1233 560 1259 res
586 1221 682 1258 bene
711 1219 820 1268 gestae
850 1217 1025 1257 adversus
1048 1216 1203 1265 Judaeos
1231 1227 1327 1267 105,
1357 1228 1415 1253 11.
1437 1214 1524 1254 trib.

291 1275 346 1328 pl.
386 1277 426 1314 in
463 1275 620 1325 gratiam
670 1272 820 1312 Caesaris
864 1280 1050 1322 repugnat
1088 1270 1270 1320 Pompejo
1315 1281 1413 1322 109,
1451 1282 1525 1318 27,

292 1346 357 1385 34.
391 1343 411 1368 a
447 1329 589 1369 Caesare
622 1328 794 1367 Aretium
830 1326 1013 1373 mittitur,
1044 1325 1174 1374 ibique
1207 1322 1417 1374 praefidium
1454 1322 1527 1360 im-

292 1385 404 1436 ponit
440 1398 498 1437 54.
538 1383 571 1421 ei
622 1379 890 1422 Sulmonenses
931 1387 1060 1430 portas
1103 1378 1279 1429 aperiunt
1307 1377 1370 1416 62.
1406 1376 1524 1416 ltaliae

291 1438 494 1490 praeficitur
522 1451 542 1475 a
571 1435 714 1476 Cessare
744 1448 838 1482 110,
865 1449 901 1485 7.
932 1435 968 1473 ἃ
993 1434 1041 1472 ab
1073 1446 1119 1471 eo
1151 1431 1327 1482 magister
1351 1430 1525 1480 equitum

294 1493 433 1532 dicitur
471 1505 565 1539 112,
599 1493 662 1530 60.
699 1500 856 1539 magnas
885 1488 1013 1527 turbas
1046 1487 1188 1526 excitat
1225 1499 1292 1539 113
1312 1515 1323 1533 ‚
1355 1486 1428 1533 28,
1460 1499 1524 1538 30.

291 1549 375 1595 ejus
399 1545 652 1584 inconstantia
674 1558 733 1597 34.
756 1543 790 1581 ei
814 1542 1019 1581 mandatur
1048 1554 1069 1579 a
1094 1541 1226 1579 senatu
1252 1538 1372 1577 tutela
1400 1538 1524 1588 reipu-

289 1600 405 1640 blicae
449 1612 513 1654 35.
548 1598 612 1638 sed
642 1606 765 1648 partes
801 1597 937 1635 fovens
970 1593 1219 1635 Dolabellam
1247 1593 1332 1631 foro
1361 1592 1524 1643 expellit

292 1655 406 1693 armis
423 1654 594 1708 366³37.
622 1651 788 1702 improbi
817 1652 896 1700 ejus
920 1662 1046 1689 mores
1063 1649 1127 1703 38.
1151 1648 1201 1687 ad
1223 1647 1410 1687 Catonem
1435 1648 1535 1698 mit·-

291 1710 369 1756 tit,
397 1718 439 1746 ut
472 1706 602 1746 secum
641 1706 846 1752 statueret,
884 1714 1070 1754 quatenus
1099 1703 1302 1753 imperium
1343 1699 1535 1740 utriusvis

292 1762 368 1802 effe
390 1761 548 1801 deberet
580 1774 675 1809 114,
705 1771 764 1810 50.
790 1770 877 1797 cum
912 1758 1053 1797 Caesare
1081 1756 1155 1796 cos.
1187 1755 1400 1806 defignatur
1433 1755 1525 1800 116,

297 1830 357 1870 ³9·
386 1815 551 1866 imponit
585 1813 716 1853 Caesari
757 1813 933 1851 diadema
960 1825 1021 1865 3¹·
1052 1823 1119 1850 cur
1146 1823 1226 1849 non
1252 1809 1399 1848 occisus
1431 1820 1522 1847 cuin

285 1868 438 1910 Caesare
475 1871 531 1921 56.
562 1881 650 1906 cum
691 1880 736 1905 eo
774 1879 841 1916 per
870 1866 1123 1904 internuntios
1156 1871 1275 1914 agunt
1310 1862 1453 1902 Caffius
1486 1864 1522 1901 ἃ

290 1924 431 1964 Brutus
460 1924 521 1962 66.
555 1921 759 1971 pecuniam
783 1923 818 1959 &c
846 1919 1143 1958 commentarios
1179 1917 1329 1958 Caesaris
1354 1918 1392 1955 in
1425 1916 1524 1955 aedes

294 1977 381 2017 suas
417 1976 660 2026 transportari
691 1975 803 2023 jubet
843 1976 906 2023 67.
945 1972 1065 2015 oratio
1099 1974 1182 2021 ejus
1215 1969 1352 2009 callida
1387 1984 1452 2021 71.
1484 1970 1523 2007 in

294 2032 424 2071 forum
451 2030 646 2069 descendit
677 2043 740 2079 74.
766 2028 974 2066 insidiosior
1004 2029 1084 2075 ejus
1121 2025 1245 2064 sermo
1276 2038 1339 2078 75.
1368 2026 1449 2072 ejus
1475 2023 1523 2061 de

296 2084 607 2124 interfectoribus
630 2083 781 2122 Caesaris
815 2081 1002 2120 sententia
1028 2081 1090 2134 83.
1121 2092 1210 2118 cum
1237 2077 1437 2118 Dolabella
1470 2090 1526 2115 re-

297 2140 355 2178 dit
379 2140 418 2176 in
447 2138 603 2188 gratiam
632 2137 694 2185 84.
726 2135 910 2174 seditiosae
937 2146 1050 2174 voces
1084 2147 1169 2185 105.
1199 2135 1234 2172 ἃ
1260 2133 1405 2172 factum
1436 2131 1523 2171 106.

293 2192 476 2244 praeclara
504 2193 585 2241 ejus
622 2191 827 2229 constituta
862 2202 947 2242 115.
978 2188 1245 2238 comparandae
1279 2186 1343 2225 fibi
1382 2195 1526 2235 poten-

295 2248 359 2285 tiae
389 2246 512 2285 studet
550 2259 646 2295 117,
672 2259 710 2295 7.
739 2245 820 2291 ejus
846 2251 942 2281 artes
968 2241 1003 2281 8.
1030 2242 1097 2281 fibi
1130 2241 1301 2280 devincit
1327 2240 1382 2279 M.
1413 2238 1524 2288 Lepi-

296 2301 391 2339 dum
425 2315 462 2354 9.
487 2299 607 2337 multa
632 2297 785 2336 molitur
818 2311 877 2335 10.
901 2297 937 2335 ei
974 2297 1171 2346 provincia
1203 2295 1433 2334 Macedonia
1451 2293 1524 2331 da·-

295 2361 359 2393 tur
389 2367 446 2393 11.
476 2366 555 2391 non
589 2352 762 2391 admittit
793 2351 998 2391 Octavium
1034 2363 1092 2402 15.
1126 2349 1208 2399 post
1243 2361 1331 2388 cum
1362 2356 1408 2386 eo
1432 2358 1525 2384 con-

298 2408 423 2446 tendit
460 2409 517 2447 16.
542 2407 797 2444 hereditatem
824 2406 905 2453 ejus
941 2404 1083 2442 lacerat
1107 2403 1242 2451 furtis,
1265 2404 1352 2440 ibid.
1384 2401 1463 2448 ejus
1484 2400 1525 2437 in

296 2462 501 2503 octavium
536 2460 750 2513 malignitas
784 2473 845 2500 20.
875 2461 910 2499 &
938 2459 986 2499 ad
1011 2457 1285 2510 reportandum
1309 2455 1523 2496 exercitum
