1638 2755
450 122 715 170 INDEX
768 119 850 167 IN
898 121 956 168 T.
1007 120 1219 169 L1v11

249 238 271 284 '3
283 241 314 281 3.
336 231 501 271 Martem
520 227 674 269 Romuli
698 230 732 268 ἃ
753 226 866 268 Remi
890 233 1039 277 patrem
1058 232 1254 277 nuncupat
1269 226 1377 267 Rhea
1398 226 1471 267 Sit.

250 297 312 323 via
342 299 357 323 1
375 315 386 332 ‚
439 313 447 323 .

194 337 356 377 Martius
386 300 542 387 cffmpus
569 351 609 383 1,
634 351 696 386 44.
722 336 794 375 fuit
826 348 913 386 ager
934 335 1231 384 Tarquiniorum
1248 365 1258 382 ,
1286 333 1369 384 post
1399 346 1467 373 eos

251 391 428 442 expulsos
452 391 690 431 consecratus
715 390 829 430 Marti
858 404 905 437 2,
929 402 961 441 5.
990 389 1036 441 cfl
1057 389 1091 426 δ’
1115 389 1164 435 6,
1190 402 1252 427 2ο.

195 444 315 496 Marst
341 445 473 496 populi
496 445 599 493 8,6.
626 445 699 491 26,
725 458 782 483 11.
811 443 994 482 deficiunt
1019 457 1065 493 9,
1089 457 1152 490 41.
1184 450 1370 489 oratores,
1402 453 1467 490 pa-

250 509 333 537 cem
356 508 552 550 petentes‚
570 499 736 538 Romam
762 497 917 535 mittunt
934 512 995 550 45.
1016 497 1059 535 iis
1083 497 1208 536 foedus
1229 496 1360 542 datur,
1375 496 1463 532 ibid.

246 552 454 601 rebellant,
475 555 680 592 vincuntur
701 554 735 591 ἃ
759 551 989 590 mulctantur
1009 564 1078 597 10,
1102 564 1133 601 3.
1166 550 1402 589 devastantur
1418 548 1466 586 ab

247 606 469 646 Hannibale
495 622 571 654 22,
598 621 635 659 9.
673 606 764 644 dant
791 605 960 654 Scipioni
996 604 1135 642 multos
1168 603 1402 642 voluntarios
1427 603 1467 639 in

246 659 399 699 classem
425 660 498 708 28,
522 674 585 714 45.
613 660 862 710 profligantur
883 671 903 696 a
927 659 1056 698 Mario
1077 671 1127 709 73
1143 689 1153 705 ,
1179 659 1241 697 60.
1275 658 1468 707 fugientes

247 715 447 753 caeduntur
472 717 534 754 61.
570 727 635 751 eos
671 714 788 751 etiam
819 712 929 750 caedit
966 712 1033 751 Cn.
1069 711 1272 761 pompejus
1301 726 1377 762 74,
1406 709 1464 748 18.

245 780 379 808 eorum
405 769 552 818 aliquot
577 767 693 805 millia
725 766 930 814 frigoribus
960 776 1120 814 pereunt
1148 779 1206 818 19.
1232 764 1305 803 alia
1336 765 1384 802 de
1408 776 1469 801 ea-

246 821 336 860 dem
361 835 401 861 re
430 822 594 860 narratio
617 835 678 859 20.
708 820 820 859 Marii
844 831 980 870 pacem
1005 828 1143 870 petunt
1162 819 1239 871 76,
1265 833 1299 858 2.
1324 816 1468 857 Marso-

245 888 329 914 rum
352 875 490 915 cohors
518 889 587 928 33,
611 876 673 928 36.

188 926 387 981 Bslarsjtas,
416 930 561 977 amnis,
589 928 692 967 haud
720 928 854 977 procul
875 941 896 966 a
923 926 1111 968 Maeandri
1130 924 1300 966 fontibus
1324 925 1468 973 oritur,

250 984 285 1022 ἃ
310 985 348 1022 in
372 984 613 1023 Nlaeandrum
640 983 744 1021 cadit
770 983 839 1034 38,
864 995 922 1033 13.

188 1035 368 1085 Martha,
387 1037 493 1088 saga,
527 1036 792 1086 sacrorumque
819 1036 1018 1086 magistra,
1048 1034 1088 1073 in
1118 1034 1245 1073 castris
1278 1033 1321 1072 C.
1352 1032 1468 1072 Mari}

244 1090 322 1140 68,
347 1106 372 1143 7
388 1123 400 1139 ,
421 1091 456 1131 8.
486 1091 630 1131 lecticae
646 1090 845 1141 impolita,
871 1102 959 1128 cum
984 1089 1226 1128 veneratione
1246 1086 1469 1125 circumfen

243 1152 324 1193 tur,
351 1146 436 1184 ibid.

186 1196 335 1237 'Martiae
355 1200 530 1238 Kalendae
559 1198 632 1252 38,
655 1213 718 1248 42.
755 1208 843 1238 ante
867 1198 970 1237 diem
994 1196 1076 1237 XII
1098 1195 1183 1235 Kal.
1203 1195 1316 1235 Mart.
1346 1193 1469 1233 comi-

246 1253 297 1291 tia
328 1253 483 1292 fuerunt
519 1252 737 1293 consulibus
770 1253 973 1303 rogandis,
1005 1252 1092 1289 ibid.
1125 1251 1199 1288 vid.
1231 1251 1266 1289 6»
1294 1262 1368 1297 42,
1400 1247 1467 1287 28.

191 1307 344 1345 Martiis
364 1308 483 1346 Idibus
507 1306 743 1358 magistratus
775 1308 891 1346 initus
916 1321 993 1352 22,
1024 1318 1056 1343 1.
1081 1319 1156 1358 23,
1190 1316 1250 1355 30.
1280 1303 1353 1350 26,
1383 1316 1398 1340 1
1429 1303 1465 1340 ὃ»

246 1362 308 1400 26.
333 1376 405 1455 276,
429 1377 467 1414 7.
488 1375 560 1415 31,
588 1375 619 1413 5.
648 1375 717 1413 32,
739 1375 770 1401 1.
798 1360 870 1413 38,
893 1373 952 1414 35.
971 1371 1126 1412 39,45.
1151 1371 1222 1407 40,
1248 1369 1306 1410 35.
1326 1369 1467 1406 42‚22.

243 1428 317 1462 44,
345 1429 357 1453 1
394 1447 402 1456 .

191 1468 403 1562 Masgsssg'
426 1468 543 1508 altera
571 1469 763 1509 Numidiae
786 1481 894 1523 pars,
916 1469 1024 1517 cujus
1051 1479 1117 1505 rex
1139 1465 1212 1505 fuit
1227 1463 1380 1515 Syphax
1401 1477 1468 1513 24,

244 1538 269 1570 4
301 1554 309 1562 .
338 1537 357 1561 2
402 1554 412 1571 ,
446 1538 503 1573 17.
530 1538 551 1562 2
588 1553 599 1569 ,
655 1538 687 1566 2.

190 1576 393 1628 Magada,
422 1537 760 1624 ulafiniiihe3filius‚
787 1575 1039 1627 proficiscitur
1058 1573 1221 1613 Romam
1242 1587 1318 1626 45,
1348 1585 1405 1625 13.
1430 1570 1465 1608 ei

246 1630 398 1669 obviam
429 1631 594 1670 mittitur
620 1631 660 1671 L.
691 1631 859 1671 Manlius
886 1629 1062 1679 quaestor,
1090 1628 1153 1680 qui
1184 1639 1272 1666 eum
1300 1626 1466 1665 Romam

242 1684 401 1733 publico
427 1685 552 1724 sumtu
577 1685 825 1736 perduceret,
849 1685 935 1723 ibid.
974 1684 1056 1732 ejus
1085 1682 1124 1720 in
1156 1680 1284 1719 senatu
1313 1679 1434 1735 oratio
1450 1709 1476 1726 ,‚

245 1739 329 1777 ibid.
353 1741 387 1778 ei
410 1739 546 1778 dantur
567 1752 722 1778 munera
755 1754 814 1786 14.

188 1792 400 1844 AIczfing‘ffiz,
427 1793 527 1833 filius
559 1793 681 1840 Galae,
698 1794 794 1843 regis
812 1790 1067 1832 Numidarum
1094 1788 1364 1840 Mall'ylorum,
1386 1785 1468 1824 vin-

191 1884 193 1889 !
244 1846 297 1884 cit
322 1847 540 1897 Syphacem
576 1861 650 1896 24,
673 1847 725 1894 48
757 1848 791 1886 δ’
821 1861 884 1899 49.
923 1844 1044 1884 socius
1072 1841 1466 1893 Carthaginienssum,

241 1900 390 1949 ingenti
427 1900 592 1940 tumultu
626 1900 753 1939 turbat
785 1899 993 1938 exercitum
1025 1898 1064 1936 P.
1095 1897 1282 1947 Scipionis
1309 1908 1380 1947 25,
1404 1906 1463 1944 34.

240 1954 471 1992 conciliatur
497 1954 679 1994 Romanis
705 1954 776 1999 28,
804 1954 859 1992 16.
887 1950 1085 1993 Masinissae
1111 1953 1146 1990 Sc
1168 1950 1358 1999 Scipionis
1388 1946 1466 1985 col-

242 2005 420 2056 loquium
450 2021 507 2060 35.
530 2008 607 2047 fide
630 2008 717 2046 data
745 2015 978 2056 acceptaque
1009 2004 1230 2050 discedunt,
1257 2004 1340 2040 ibid.
1367 2013 1466 2051 que-

242 2061 337 2099 ritur
367 2062 469 2110 apud
494 2061 653 2100 Laelium
682 2062 839 2099 nimiam
864 2059 1052 2110 Scipionis
1083 2059 1366 2097 cunctationem
1393 2069 1468 2107 29,

241 2128 280 2162 4.
298 2116 447 2155 accedit
474 2117 523 2154 ad
550 2115 770 2165 Scipionem
796 2129 859 2167 29.
885 2114 988 2152 varia
1005 2113 1158 2151 fortuna
1181 2113 1221 2149 in·
1247 2109 1464 2149 amittendo

240 2169 583 2219 recuperandoque
603 2181 720 2219 regno
743 2176 900 2218 paterno
926 2168 979 2206 est
1002 2165 1111 2212 usuS,
1132 2167 1215 2205 ibid.
1236 2163 1338 2213 capit
1359 2161 1464 2202 Tha-

240 2221 353 2272 psum
379 2222 514 2262 urbem
548 2235 605 2274 30.
633 2225 672 2261 in
703 2236 791 2260 eum
819 2222 1028 2260 stimulatur
1053 2219 1100 2258 ab
1138 2215 1372 2259 Hasdrubale
1397 2216 1465 2265 Sy=

240 2276 346 2326 phax
374 2289 432 2328 31.
457 2277 624 2315 vincitur
648 2275 836 2317 Mafiniss'a
862 2289 883 2314 a
908 2273 1104 2324 Syphace,
1122 2274 1205 2313 ibid.
1232 2270 1401 2321 profugit
1423 2270 1464 2307 in

242 2339 417 2369 montem
440 2330 618 2378 Balbum,
643 2333 727 2370 ibid.
744 2330 916 2369 Bocchar
932 2329 1092 2367 mittitur
1109 2326 1281 2365 adversus
1300 2320 1471 2363 Masinis<-

241 2383 323 2422 sam
352 2396 410 2434 32.
426 2386 488 2434 qui
510 2386 693 2431 vincitur,
708 2384 771 2423 sed
790 2386 1072 2422 circumventus
1089 2393 1177 2419 cum
1192 2378 1278 2417 solis
1301 2385 1463 2426 quatuos

242 2438 434 2488 equitibus
459 2439 627 2492 aufugit,
644 2440 729 2480 ibid.
743 2437 857 2481 insilit
872 2437 912 2477 in
932 2437 1094 2478 fiuvium
1110 2464 1122 2486 ,
1143 2434 1246 2474 unde-
1263 2443 1353 2471 cum
1368 2430 1469 2470 duo&
