1638 2755
452 109 856 155 1ΝΒΕΧ1Ν
907 109 964 158 T.
1018 110 1231 158 L1V11

258 216 393 255 arbore
415 215 642 255 imminente
667 215 842 266 praetorio
870 229 913 256 21
934 247 945 262 ‚
973 217 1036 263 46.
1066 219 1172 269 Aqua
1196 215 1337 256 Albana
1369 216 1482 258 fluxit

256 282 413 309 cruenta
440 285 509 320 27,
539 285 595 309 11.
629 273 665 310 ὃς
692 283 799 321 aquae
826 270 987 310 Caeretes
1021 271 1202 323 sanguine
1239 273 1369 310 mixtae
1407 288 1482 318 22,

263 339 293 364 1.
319 337 428 373 aquae
452 323 573 363 multo
593 338 726 364 cruore
751 339 772 363 e
798 325 906 363 fonte
931 325 1063 365 calidae
1089 335 1292 365 manarunt
1319 340 1393 373 22,
1421 328 1483 377 36.

256 381 328 420 Ara
355 380 393 417 in
413 377 514 417 coelo
538 378 756 429 speciesque
786 378 987 418 hominum
1010 381 1109 419 circa
1132 392 1216 419 eam
1239 392 1328 417 eum
1350 381 1485 418 candi-

257 435 307 472 da
337 432 438 471 veste
468 432 552 471 visae
579 448 652 481 24,
695 448 752 472 1ο.
788 446 848 471 ara
883 436 1054 483 Neptuni
1089 435 1129 473 in
1163 434 1263 472 circo
1293 433 1483 472 Flaminio

254 487 380 526 multo
405 486 539 525 sudore
562 489 732 526 manavit
758 487 828 534 28,
849 502 906 526 11.
934 489 1054 527 Arbor
1082 489 1131 527 de
1157 487 1258 526 coelo
1282 490 1382 527 tac'ta
1410 502 1484 537 27,

258 555 318 581 11.
345 544 464 580 Arcus
483 541 588 579 tenui
617 541 718 579 linea
744 540 862 580 solem
891 542 1090 592 amplexus
1119 555 1186 593 3ο,
1215 557 1250 580 2.
1273 542 1319 593 cf?
1345 544 1379 581 62
1404 556 1483 589 41,

254 597 316 636 26.
332 596 463 635 AsanS
483 596 623 644 triceps
643 605 752 633 natus
769 595 921 634 Calatiae
940 611 1013 645 42,
1035 611 1095 635 20.
1116 597 1261 635 Atrium
1282 595 1482 644 publicum

251 650 291 688 in
307 648 502 700 Capitolio
521 649 568 687 de
595 648 696 687 coelo
714 652 857 687 tactum
889 665 962 697 24,
990 664 1045 689 ιο.
1070 652 1166 689 Aves
1194 651 1242 688 ad
1266 650 1485 699 compitum.

252 703 499 754 Anagninum
522 704 559 739 in
581 702 672 740 luco
685 702 816 741 Diane
838 703 951 742 nidos
979 706 1017 742 in
1040 704 1239 743 arboribus
1263 703 1484 753 relinquunt

254 771 334 805 ..7,
361 773 398 805 4.
440 757 514 796 bos
551 756 696 794 semina
727 756 859 795 locuta
888 773 935 809 3,
966 771 1024 797 10.
1068 759 1115 809 cfi
1154 760 1188 796 6>
1219 773 1292 804 24,
1320 772 1377 796 10.
1412 772 1484 806 27,

256 823 317 847 11.
340 811 416 856 28,
446 821 502 847 11.
529 821 643 861 35,
627 823 687 849 ...1
713 824 758 857 41
780 842 793 856 ,
826 825 870 859 17
896 813 929 849 (⁵2³
953 813 1014 850 26.
1046 824 1116 863 43,
1151 825 1206 864 15.
1238 812 1305 850 bos
1334 812 1484 861 peperit

255 860 466 911 equuleum
491 875 566 913 23,
593 875 651 914 31.
677 863 746 902 bos
778 865 817 902 in
844 866 927 904 foro
953 865 1090 904 Boario
1115 866 1153 903 in
1179 866 1326 903 tertiam
1357 866 1486 904 conti-

254 916 476 966 gnationem
501 915 564 954 sua
585 918 718 966 sponte
745 918 942 966 effendit,
974 930 1089 968 atque
1115 920 1266 958 territus
1297 919 1488 957 habitato-

254 983 339 1008 rum
361 969 512 1009 tumulu
540 970 615 1009 lese
643 971 787 1020 d'ejecit
820 987 863 1011 21
882 1003 892 1020 ‚
929 974 990 1012 62.
1025 974 1141 1011 boves
1172 973 1308 1012 domiti
1342 972 1419 1009 uuo
1444 972 1486 1010 in

255 1024 404 1063 Carinis
423 1037 490 1074 per·
510 1023 628 1063 scalas
653 1026 879 1075 perveniunt
902 1028 951 1065 ad
977 1026 1123 1076 tegulas
1147 1027 1295 1065 aedificii
1322 1026 1393 1078 36,
1419 1040 1483 1078 37.

254 1080 359 1117 Caere
383 1078 501 1117 sortes
529 1089 744 1119 extenuatae
769 1094 812 1119 21
833 1110 844 1127 ,
873 1080 934 1119 62.
962 1081 1134 1130 Capillus
1161 1091 1297 1118 enatus
1334 1081 1372 1116 in
1402 1080 1486 1117 aede

252 1133 433 1171 frier-culis
463 1146 536 1185 32,
559 1148 591 1172 1.
623 1134 747 1184 Capra
769 1134 830 1172 sex
854 1133 992 1173 hoedos
1020 1148 1095 1173 uno
1128 1135 1225 1172 foetu
1252 1134 1376 1171 edidit
1408 1145 1451 1184 35
1469 1162 1483 1179 ‚

254 1200 318 1225 21.
345 1199 467 1237 caprae
491 1186 628 1226 lanatae
655 1188 763 1227 fac'tae
785 1203 857 1235 22,
894 1202 925 1228 1.
948 1188 1073 1238 Caput
1103 1187 1316 1226 humanum
1337 1188 1487 1236 integra

249 1241 352 1279 faeie
376 1241 632 1291 aperientibus
667 1241 923 1281 fundamenta
957 1241 1092 1291 templi
1123 1243 1300 1292 apparuit
1340 1255 1385 1289 1,
1422 1254 1482 1292 55.

252 1295 376 1335 ‘Carne
403 1295 501 1347 pluit
531 1307 650 1345 3‚10.
671 1295 802 1335 Classis
839 1309 984 1345 magnae
1019 1296 1161 1346 species
1196 1297 1235 1334 in
1264 1295 1364 1333 coelo
1397 1295 1484 1333 visae

252 1365 326 1397 42,
343 1366 379 1389 2.
404 1349 581 1389 Coelestia
605 1351 644 1388 in
668 1351 765 1400 agris
789 1352 824 1389 &
859 1351 951 1389 urbe
977 1351 1052 1389 visa
1081 1365 1127 1398 2,
1154 1364 1218 1399 42.
1250 1350 1401 1388 Coelum
1425 1350 1486 1387 vi·

250 1405 335 1442 1um
366 1413 572 1458 3106163,
601 1404 683 1455 5&
713 1418 771 1443 10.
805 1418 877 1457 31,
921 1418 978 1443 12.
1015 1418 1082 1457 32,
1118 1417 1154 1464 9.
1185 1418 1261 1457 43,
1292 1417 1349 1456 15
1387 1403 1484 1442 findi

250 1458 357 1496 velut
377 1470 517 1507 magno
540 1457 648 1496 hiatu
678 1457 824 1503 visum,
847 1472 996 1550 quaqilie
1024 1460 1169 1508 patuit,
1199 1471 1331 1504 mwens
1347 1458 1483 1497 lumen

252 1511 373 1551 effulsi
363 1521 394 1551 t
415 1526 489 1558 22,
513 1525 546 1550 1
567 1512 739 1551 Coloffus
753 1512 882 1552 Rhodi
905 1512 1091 1562 collapsus
1109 1526 1181 1559 20,
1204 1527 1267 1561 47.
1291 1512 1484 1550 Columna

252 1566 410 1605 rostrata
434 1567 474 1604 in
497 1565 688 1616 Capitolio
716 1577 797 1605 tota
819 1566 868 1606 ad
896 1568 1016 1606 imum
1036 1566 1198 1606 fulmine
1224 1565 1384 1604 discussa
1406 1580 1456 1614 42
1471 1594 1484 1612 ‚

254 1634 319 1660 20.
354 1620 500 1660 Corvus
527 1627 616 1659 ante
638 1621 828 1670 Papirium
849 1651 859 1668 ,
885 1620 1080 1660 consulem
1098 1651 1111 1668 ,
1140 1619 1281 1658 occinit
1317 1633 1382 1667 10,
1415 1634 1482 1667 4ο.

251 1675 293 1714 in
308 1674 431 1714 aedem
453 1673 618 1722 Junonis
644 1675 857 1722 devolavit,
875 1679 909 1714 ἃ
939 1677 978 1714 in
1003 1675 1084 1724 ipso
1113 1673 1328 1725 pulvinario
1353 1674 1485 1712 eonse-

256 1729 313 1767 dit
333 1742 378 1768 21
394 1759 404 1777 ‚
427 1730 490 1768 62.
515 1729 619 1768 corvi
643 1729 780 1767 nidum
805 1729 950 1768 faciunt
974 1729 1014 1767 in
1031 1730 1112 1768 aede
1135 1728 1291 1779 Sospitae
1317 1728 1484 1775 ‚Iunonis

256 1794 330 1831 24,
357 1796 417 1822 10.
446 1795 579 1821 aurum
603 1783 641 1821 in
667 1783 856 1833 Capitolio
882 1797 959 1822 nou
985 1792 1133 1822 tantum
1157 1782 1332 1821 laceraffe
1357 1783 1483 1823 rostris

255 1836 412 1884 crediti,
431 1835 496 1876 sed
523 1838 638 1876 etiam
667 1837 783 1876 edifl'e
804 1850 873 1888 30,
897 1853 931 1878 2.
956 1838 1068 1877 Creta
1088 1837 1185 1888 pluit
1209 1852 1282 1883 24,
1310 1849 1367 1874 10.
1394 1837 1483 1876 Cul-

256 1904 345 1928 men
361 1892 454 1929 aedis
476 1891 580 1939 Jovis
601 1890 765 1930 fulmine
789 1892 928 1935 idtum„
947 1904 991 1930 ac
1013 1905 1133 1941 prope
1157 1892 1263 1929 omni
1286 1892 1386 1928 tec—io
1414 1904 1482 1929 nu-

256 1946 390 1983 datum
408 1958 457 1994 27
471 1975 482 1993 ‚
497 1961 532 1992 4.
562 1945 754 1994 Equuleus
769 1956 857 1983 cum
874 1945 1041 1995 quinque
1057 1945 1219 1995 pedibus
1233 1944 1382 1997 natus'3
1391 1959 1429 1990 ο,
1446 1960 1482 1985 2.

254 2011 302 2050 31
318 2029 330 2046 ,
350 2011 410 2036 12.
433 1997 590 2048 fastigia
613 1998 847 2048 templorum
871 2012 891 2036 a
917 1999 1147 2036 culminibus
1171 1999 1326 2047 abrepta
1353 2012 1418 2047 40,
1447 2014 1481 2037 2.

254 2050 336 2090 Fax
356 2052 404 2090 ab
427 2060 513 2091 ortu
537 2051 623 2092 solis
647 2053 697 2091 ad
712 2053 955 2091 occidentem
980 2053 1122 2103 porrigi
1147 2052 1221 2091 visa
1245 2052 1484 2103 29‚14.cf

254 2105 291 2142 ἐν
312 2117 425 2157 30⁵⁰
409 2135 442 2144 ...
468 2120 542 2154 41,
572 2120 622 2145 20
643 2105 679 2144 δ’
706 2108 768 2146 26.
796 2121 959 2159 43,1ς.
990 2119 1069 2160 45,
1094 2107 1154 2146 16.
1177 2105 1281 2145 Plan
1288 2118 1348 2143 ma
1380 2105 1481 2145 alata

254 2160 297 2198 in
319 2157 467 2198 Caleno
495 2173 585 2210 agro
611 2172 632 2198 e
655 2169 751 2199 terra
777 2162 903 2210 erupit
930 2175 996 2210 14,
1023 2175 1080 2199 11.
1108 2159 1271 2200 Flumen
1297 2160 1480 2199 Amiterni

255 2220 456 2252 cruentum
474 2214 588 2253 fiuxit
608 2229 679 2262 24,
701 2230 763 2264 44.
782 2214 830 2266 cs.
854 2213 890 2252 ὁ·
911 2229 985 2262 20,
1000 2229 1062 2265 47.
1090 2214 1192 2254 Fons
1220 2215 1258 2253 in
1276 2216 1360 2252 vico
1384 2214 1481 2252 11111-

256 2280 304 2306 co
330 2266 397 2307 sub
416 2278 512 2306 terra
538 2276 642 2307 tanta
666 2270 704 2307 vi
731 2282 915 2318 aquarum
942 2269 1078 2315 fiuxit,
1096 2279 1136 2308 ut
1163 2268 1274 2307 serias
1300 2267 1479 2316 doliaque

254 2320 362 2360 velut
395 2322 543 2372 impetu
578 2323 754 2362 torrentis
789 2322 921 2361 tulerit
969 2338 1042 2371 24,
1081 2337 1139 2362 10.
1187 2322 1271 2361 fons
1303 2323 1477 2361 Herculis

253 2377 422 2414 cruentis
453 2376 595 2426 sparsus
616 2378 788 2416 manavit
823 2376 983 2416 maculis
1012 2392 1085 2424 22,
1117 2391 1149 2417 1.
1177 2375 1315 2415 Forum
1341 2377 1479 2414 Arieiae

192 2462 195 2463 γ
256 2430 306 2470 de
335 2430 438 2470 coelo
459 2432 605 2472 tastum
631 2443 704 2484 50,
738 2431 797 2485 38.·
824 2432 865 2471 in
893 2431 976 2471 foro
1005 2433 1145 2483 Capuae
1171 2429 1294 2469 multa
1317 2429 1479 2469 aeditieia
