1638 2755
497 88 766 137 INDEX
821 90 903 136 IN
951 90 1277 141 T.L1·V11

271 193 439 234 dicendo
467 194 651 235 dic'tatore
672 211 715 251 15
735 198 770 235 δ’
801 198 857 237 16.
892 199 941 237 de
965 196 1119 236 colonia
1140 197 1250 238 Cales
1275 199 1504 241 deducenda

274 250 332 287 16.
362 249 410 287 de
438 250 675 291 deducendis
704 252 960 291 Interamnam
991 254 1026 291 ἃ
1059 252 1235 291 Casinum
1267 253 1430 293 coloniis
1450 270 1501 306 9,

273 302 334 341 28.
363 312 404 341 ut
429 300 563 352 privati
596 315 730 344 nautas
756 307 890 345 darent
923 316 992 354 24,
1035 320 1093 346 11.
1123 307 1170 344 de
1200 309 1422 347 coercendis
1443 309 1506 347 su·
1573 316 1578 323 '

268 357 550 406 perstitionibus
584 361 618 398 δι
647 362 817 400 externis
846 360 1093 409 religionibus
1114 360 1249 399 Romae
1273 362 1414 400 exortis
1439 376 1504 414 25,

275 425 305 448 1.
338 412 385 449 de
411 411 511 450 ludis
541 413 732 463 Apollini,
760 428 876 464 reque
903 416 978 453 div.
1009 414 1189 453 faciunda
1232 429 1289 454 12.
1321 415 1369 454 de
1394 416 1507 455 Mar-

271 464 370 503 cello
397 467 432 504 &
459 466 594 505 Siculis
623 469 698 517 26,
723 481 780 519 32.
814 469 862 507 de
890 469 1097 518 Campanis
1127 472 1185 520 34.
1212 469 1260 507 de
1293 470 1508 518 provincia-

269 530 354 556 rum
381 518 578 560 sortitione
612 522 682 567 28,
707 534 769 569 45.
795 531 856 570 ut,
882 536 978 571 quos
1003 522 1117 561 ludos
1152 523 1251 561 inter
1278 522 1506 563 seditionem

268 572 473 612 militarem
500 575 657 613 vovisset
681 576 836 625 Scipio,
861 589 906 615 ex
935 589 979 615 ea
1007 576 1192 626 pecunia,
1220 590 1333 627 quam
1359 578 1437 627 ipse
1465 578 1507 617 in

269 629 442 666 aerarium
468 627 670 677 intulliset,
692 629 837 668 faceret
866 630 924 681 38.
957 630 1005 669 de
1028 630 1190 669 coloniis
1209 661 1219 676 ἦ
1255 644 1337 681 quae
1366 631 1508 672 milites

271 681 361 719 dare
385 681 597 721 abnuerant
626 698 700 735 29,
729 697 788 735 15.
824 684 873 722 de
898 683 999 723 bello
1028 684 1205 723 adversus
1230 686 1355 725 Nabin
1383 685 1510 725 Lace-

270 735 504 774 daemonium
533 749 600 788 34,
629 751 688 775 22.
717 738 764 776 de
789 736 952 777 coloniis
977 738 1215 777 deducendis
1241 752 1299 793 53.
1326 740 1373 779 de
1392 740 1506 780 rebus

270 789 360 827 Alia:
386 803 458 839 37,
484 791 540 841 56.
559 792 596 829 in
621 791 780 841 gratiam
805 792 1128 832 Ambracienfium
1149 792 1227 844 38,⁴
1247 808 1310 842 44.
1340 793 1508 832 senatus-

271 842 490 882 consultum
527 844 658 883 furtim
692 846 845 885 fanum.
878 860 948 898 39,
974 861 1009 894 4.
1051 848 1099 885 de
1133 848 1278 886 tributo
1308 860 1355 886 ex
1385 860 1510 898 pecu-

270 898 332 935 nia
355 897 511 936 Asmtica
542 899 725 938 solvendo
751 914 787 948 7.
818 901 865 939 de
892 899 1192 941 Bacchanalibus
1234 900 1280 939 18
1315 901 1350 939 δ’
1376 916 1433 954 ¹9·
1459 904 1509 941 de

271 952 502 990 exercitibus
533 953 590 1001 38.
619 967 693 1004 quo
721 953 866 993 sublata
894 955 1050 993 comitia
1070 957 1238 1004 praetoris
1263 957 1418 995 creandi
1448 969 1506 1008 39.

269 1005 309 1043 in
337 1005 525 1044 honorem
557 1007 741 1046 Demetrii
775 1024 841 1059 47.
870 1008 917 1047 de
954 1009 1096 1048 Latinis
1129 1024 1205 1058 41,
1251 1022 1306 1060 13.
1336 1011 1383 1049 de
1409 1011 1509 1059 agris

268 1059 472 1109 Ligustinis
496 1062 530 1100 &
547 1061 701 1101 Gallicis
718 1063 861 1101 viritim
888 1063 1105 1102 dividendis
1127 1079 1199 1110 42,
1221 1078 1258 1111 4.
1282 1064 1320 1101 in
1347 1065 1509 1113 gratiam

266 1113 540 1154 Statiellatium
568 1130 628 1155 22.
663 1117 712 1155 de
738 1116 839 1155 bello
871 1118 907 1154 in
940 1116 1066 1156 Persea
1097 1124 1158 1171 302
1191 1130 1268 1166 quo
1299 1116 1414 1156 Cares
1438 1117 1510 1168 Lyu

269 1169 398 1218 ciique
423 1169 606 1217 jubentur
635 1170 709 1209 esse
731 1170 839 1209 liberi
868 1185 947 1218 44,
985 1185 1041 1225 ¹5·
1077 1172 1126 1210 de
1160 1171 1444 1211 Macedonibus
1471 1174 1510 1211 δε

267 1221 407 1272 Illyriis
436 1238 483 1275 45
502 1255 513 1269 ‚
543 1223 600 1262 18.
629 1223 1001 1264 senatusconsultum
1032 1226 1081 1264 de
1107 1225 1334 1264 destruendo
1356 1225 1508 1265 theatro

266 1276 342 1324 48.
362 1290 422 1327 27.
448 1277 496 1316 de
511 1290 588 1315 non
607 1277 848 1318 immolando
872 1279 1030 1318 homine
1052 1293 1126 1329 70,
1149 1293 1205 1333 15.
1233 1281 1282 1319 de
1306 1293 1385 1319 non
1403 1292 1512 1319 exer-

267 1330 402 1369 cendis
430 1331 586 1380 judiciis
615 1340 793 1382 tempore
816 1333 1004 1372 tumultus
1031 1333 1155 1373 Italici
1177 1347 1251 1385 73,
1286 1348 1318 1373 1,
1341 1335 1389 1373 de
1413 1336 1510 1374 reci-

266 1385 421 1434 piendis
450 1385 487 1423 in
511 1386 705 1425 civitatem
730 1386 841 1427 sociis
867 1402 940 1436 74,
963 1387 998 1426 8.
1026 1388 1074 1426 de
1103 1388 1309 1437 provinciis
1340 1388 1429 1436 108,
1459 1401 1508 1440 34

271 1461 317 1468 —-
334 1439 392 1489 36.
420 1439 467 1477 de
507 1439 722 1485 minoribus
748 1442 1028 1487 magistratibus
1055 1443 1149 1493 136,
1176 1443 1239 1483 68.
1264 1442 1512 1483 senatuscon-

266 1491 352 1530 sulti
383 1493 507 1531 forma
536 1493 680 1534 ultimae
704 1495 933 1536 necessitatis
968 1509 1013 1548 3,
1038 1511 1072 1544 4.
1109 1496 1434 1537 senatusconsulta
1468 1499 1510 1536 in

267 1547 390 1585 aedem
429 1547 574 1587 Cereris
609 1549 657 1588 ad
682 1549 812 1589 aediles
842 1550 965 1600 plebis
998 1550 1124 1589 delata
1157 1563 1202 1603 3,
1236 1564 1295 1605 55.
1335 1551 1385 1591 ad
1421 1564 1512 1591 aera-

267 1613 363 1639 rium
398 1614 468 1654 39,
491 1618 527 1650 4.

208 1657 364 1705 Smenfis
385 1655 556 1706 populus
577 1652 820 1698 v‘acationem
848 1658 1027 1698 obtinere
1054 1672 1133 1697 non
1164 1659 1287 1708 potest
1311 1673 1361 1710 27
1378 1689 1389 1707 ‚
1419 1659 1481 1711 38.

211 1712 321 1749 &sees
342 1710 532 1759 Romani,
554 1711 648 1750 urbe
671 1722 783 1762 capta
797 1743 807 1759 ,
832 1714 1053 1763 exspectant
1073 1713 1179 1752 domi
1199 1723 1362 1753 mortem
1388 1727 1431 1767 5,
1445 1727 1509 1762 410

263 1765 507 1804 trucidantur
530 1777 550 1803 a
580 1765 722 1814 Gallis,
751 1767 838 1806 ibid.
869 1767 1034 1806 seniores
1071 1768 1193 1806 coaeti
1226 1769 1386 1807 nomina
1405 1769 1510 1816 dare,

264 1826 307 1855 ut
333 1828 448 1868 agant
475 1819 579 1858 urbis
612 1821 823 1860 custodiam
849 1834 893 1873 5,
930 1836 987 1862 10.
1019 1821 1068 1873 cf:
1089 1821 1123 1859 G·
1150 1822 1197 1869 6,
1221 1837 1242 1861 2
1266 1821 1301 1860 δ’
1321 1823 1356 1862 6.
1386 1821 1509 1861 senio-

263 1883 348 1909 rum
373 1872 553 1912 cohortes
580 1874 688 1913 fac'tae
717 1889 790 1922 10,
808 1889 869 1913 21.
901 1875 1091 1914 seniorum
1118 1876 1274 1925 triginta
1302 1876 1510 1926 principes,

265 1926 369 1974 apud
397 1926 725 1977 Carthaginienses
751 1929 913 1968 sanetius
942 1930 1142 1969 confilium
1169 1942 1229 1980 30,
1257 1930 1314 1969 16.

209 1981 367 2019 Senones
396 1980 494 2020 Galli
517 1982 685 2020 Clusium
715 1984 749 2021 δε
774 1983 940 2022 Romam
964 1985 1121 2022 veniunt
1150 1997 1191 2036 5,
1210 1997 1270 2036 35.
1293 1983 1366 2022 vid.
1393 1982 1509 2023 Galli,

260 2032 457 2082 legionem
484 2035 699 2074 Romanam
731 2037 1067 2084 circumveniunt,
1097 2040 1131 2077 ἃ
1168 2037 1297 2076 delent
1338 2049 1406 2084 10,
1432 2039 1495 2076 26.

263 2086 440 2126 obsident
473 2089 641 2129 Aretium
673 2104 746 2139 11,
774 2105 834 2139 30.
885 2103 971 2130 curn
1002 2092 1044 2130 iis
1073 2092 1218 2130 sociant
1257 2104 1359 2131 arma
1390 2090 1510 2131 Tusci

263 2154 336 2189 12,
368 2155 398 2180 1.
430 2142 576 2181 violant
602 2143 748 2194 legatos
775 2145 1040 2184 Romanorum
1058 2177 1070 2195 ‚
1096 2147 1180 2184 ibid.
1210 2146 1460 2196 profligantur
1484 2159 1506 2186 a

258 2194 481 2244 Dolabella,
505 2210 716 2248 eorumque
743 2212 831 2250 ager
861 2200 1023 2238 vastatur
1055 2215 1087 2239 2.
1120 2201 1281 2238 vincunt
1307 2200 1349 2240 L.
1388 2200 1507 2240 Caeci.

260 2248 355 2288 lium
393 2259 593 2299 praetorem
629 2252 744 2291 Rom.
782 2255 864 2292 ibid.
898 2263 1066 2303 pergunt
1105 2253 1269 2292 Romam
1311 2266 1343 2306 3.
1386 2254 1509 2293 Serio-

257 2314 355 2341 nun?
382 2305 496 2344 natio
516 2319 537 2345 a
566 2305 769 2345 Dolabella
802 2308 1066 2347 internecione
1095 2306 1220 2346 deleta
1253 2324 1289 2355 4.
1332 2308 1505 2348 Senones

257 2359 421 2405 ejiciunt
441 2359 676 2399 Cavarinum
694 2374 821 2412 regem
839 2361 939 2402 libia
956 2362 1100 2403 Caesare
1117 2361 1335 2413 impositum
1359 2375 1448 2417 ¹07³
1469 2375 1504 2402 ι.

203 2412 370 2452 sentinas
395 2425 484 2465 ager
509 2428 579 2465 ιο,
612 2429 662 2469 27
685 2415 721 2454 θ’
749 2429 810 2469 3ο,
