1638 2755
465 122 735 171 INDEX
789 122 867 169 IN
917 122 975 171 T.
1028 124 1228 169 L1V11

203 234 324 286 Aristo
352 233 491 284 Tyrius
519 232 679 272 mittitur
706 232 753 270 ab
779 231 996 271 Hannibale
1017 230 1287 280 Carthaginem
1314 230 1363 270 ad
1394 244 1486 272 cone

263 289 462 327 citandum
494 287 630 326 Poenos
663 286 711 325 ad
744 285 887 325 bellum
920 300 992 340 34,
1023 286 1083 324 61.
1121 284 1420 335 deprehenditur
1449 290 1486 326 ὃς

259 342 422 392 aufugit,
441 342 528 380 ibid.

202 395 625 449 Aristobulus.Joannis
648 393 815 445 Hyrcani
841 391 963 440 filius,
989 391 1225 432 Antiochum
1249 392 1484 442 Cyzicenum

260 451 409 501 superat
432 450 616 499 fugatque
639 449 711 500 63,
732 461 794 500 43.
821 448 967 497 primus
989 446 1070 496 post
1091 447 1335 486 instauratam
1352 447 1485 488 urbem

259 519 323 544 rex
350 504 571 552 Judaeorum
593 502 642 542 68
660 533 672 548 ‚
700 502 763 552 85.
788 502 970 543 moritur,
992 499 1077 549 ibid.

189 560 428 609 ·Ar1st0bulus
460 556 659 595 contendit
685 565 772 591 cum
798 553 910 595 fratre
939 552 1116 602 Hyrcano
1143 561 1273 591 coram
1295 553 1483 604 Pompejo

264 622 360 656 102,
388 611 445 661 56.
464 608 583 646 irritat
599 608 822 657 Pompejum
857 620 914 659 59.
938 616 1105 654 eumque
1122 600 1390 653 Hierosolyma
1413 614 1485 643 tra-

258 661 317 700 hit
340 662 403 702 60.
432 664 467 701 ὃς
489 662 708 700 advenienti
728 661 815 699 urbs
838 660 992 698 deditur
1015 659 1076 697 61.
1104 669 1190 695 cum
1222 657 1308 695 filiis
1337 659 1372 695 Sc
1390 656 1485 696 filia-

257 716 331 756 bus
356 729 378 754 a
400 715 586 766 Pompejo
611 717 758 754 vinetus
780 715 986 753 abducitur
1006 714 1067 764 96.
1094 711 1132 748 in
1156 710 1393 760 triumphum
1416 711 1485 749 du-

259 773 358 809 citur
399 782 490 821 103‚
518 770 581 815 48·
621 781 641 807 e
668 769 836 807 custodia
874 766 1019 816 elapsus
1048 765 1146 803 redit
1182 765 1222 803 in
1250 764 1482 804 Palaestinam

260 837 334 878 105
350 853 362 870 ‚
383 838 444 877 37.
462 821 576 860 caesus
599 819 806 869 captusque
823 820 1028 857 remittitur
1053 819 1238 861 Romam,
1261 817 1346 856 ibid.
1369 819 1481 857 aCae·

255 877 338 915 sare
363 883 450 910 cum
477 873 624 910 duabus
649 869 864 918 legionibus
898 869 936 907 in
970 869 1117 916 Syriam
1144 868 1293 916 miffus,
1327 866 1482 908 eonfilia

254 926 580 976 Pompejanorum
614 923 741 962 turbat
772 936 863 967 110,
888 936 925 973 7.
946 933 1093 959 veneno
1119 928 1276 958 necatur
1292 934 1355 971 49.

204 981 466 1031 Aristodemus,
481 988 661 1030 tyrannus
676 1009 687 1026 ‚
706 978 846 1016 retinet
869 988 983 1015 naves
996 974 1257 1013 Romanorum
1276 987 1345 1025 pro
1368 973 1481 1014 bonis

259 1033 554 1084 Tarquiniorum
579 1041 622 1080 23
652 1046 714 1085 34.

201 1088 484 1140 Aristomachus,
502 1087 677 1137 princeps
691 1084 832 1135 plebis,
850 1085 1016 1124 Crotone
1030 1082 1082 1133 ad,
1092 1081 1347 1122 Hannibalem
1365 1091 1484 1123 trans·

258 1142 380 1192 fugit,
405 1143 517 1191 eique
536 1139 671 1180 urbem
692 1139 821 1189 prodit
842 1154 909 1187 24,
941 1152 982 1185 1,
1008 1152 1042 1191 3.

206 1195 427 1247 Aristonicus
450 1195 530 1248 post
552 1192 666 1234 Attali
692 1202 852 1231 mortem
874 1204 1032 1242 regnum
1053 1189 1117 1229 sibi
1141 1190 1315 1228 vindicat
1337 1203 1402 1242 59,
1425 1203 1482 1244 15,

258 1249 368 1288 illum
395 1249 518 1300 plures
538 1248 718 1298 respuunt
742 1247 802 1286 16.
829 1247 933 1296 quod
957 1248 1040 1294 jure
1061 1247 1096 1283 ἅ
1121 1244 1288 1294 potentia
1313 1245 1402 1283 effet
1427 1245 1481 1283 in-

258 1303 372 1342 ferior
397 1317 454 1355 17.
480 1303 645 1341 vincitur
663 1301 710 1340 ab
734 1299 900 1351 Ephesiis
925 1313 985 1339 20.
1010 1299 1104 1338 vires
1123 1310 1210 1336 cum
1240 1298 1404 1349 succeffu
1425 1312 1482 1337 re-

257 1368 367 1407 parat
387 1371 449 1396 21.
467 1358 595 1396 fundit
621 1356 803 1405 fugatque
830 1355 1024 1394 Romanos
1047 1367 1110 1405 49.
1132 1354 1214 1401 ejus
1235 1352 1410 1391 securitas
1431 1364 1481 1391 ex

257 1411 419 1450 vidioria
449 1424 505 1464 50.
535 1413 569 1450 ἃ
599 1423 643 1448 ex
665 1410 866 1447 securitate
890 1407 1017 1446 clades
1043 1419 1103 1458 51.
1128 1407 1167 1444 in
1189 1406 1382 1457 Perpernae
1407 1405 1485 1448 cos.

259 1465 485 1515 potestatem
513 1465 696 1514 redigitur
719 1465 778 1516 56.
807 1464 886 1511 ejus
910 1461 1135 1511 supplicium
1161 1472 1224 1510 70.

204 1519 407 1573 Aristoteles
423 1549 433 1566 ,
454 1519 651 1570 praefec'tus
675 1518 772 1568 regis
794 1515 973 1555 Antiochi
1002 1514 1186 1554 Chalcide
1207 1515 1275 1566 36,
1299 1528 1360 1554 21.

203 1576 320 1613 Arma
342 1574 513 1624 quinque
539 1572 714 1611 clastibus
739 1573 843 1610 varia
868 1571 1054 1620 imperata
1087 1583 1100 1606 1
1118 1598 1130 1615 ‚
1155 1583 1216 1622 43.
1252 1569 1300 1607 de
1322 1567 1479 1617 publico

260 1627 350 1666 data
376 1639 418 1679 3,
452 1641 509 1680 ¹5·
533 1639 636 1665 arma
663 1628 697 1665 ἃ
724 1624 798 1664 tela
827 1624 957 1664 Roma:
987 1625 1026 1662 in
1052 1634 1178 1661 muros
1207 1622 1382 1671 congesta
1411 1637 1478 1670 10,

258 1696 298 1729 4.
320 1680 476 1730 templis
494 1682 659 1719 detracta
675 1694 722 1718 22
737 1709 747 1726 ,
767 1693 827 1732 57.
848 1693 919 1726 24,
945 1692 1004 1716 21.
1033 1677 1081 1715 ad
1101 1689 1203 1714 arma
1225 1675 1479 1727 conclamatio

259 1736 298 1774 in
324 1748 364 1774 re
385 1747 539 1784 crepera
570 1748 645 1787 29,
671 1748 707 1786 9.
734 1746 837 1771 arma
857 1732 1041 1777 hostium,
1069 1730 1209 1777 Marti,
1237 1730 1419 1770 Minervae
1443 1733 1480 1770 δε

257 1789 354 1830 Luae·
369 1789 480 1828 matri
506 1789 655 1835 dicata,
683 1787 768 1825 face
794 1786 945 1825 subdita
972 1787 1179 1834 imperator
1201 1784 1397 1823 succendit
1413 1798 1480 1835 45,

260 1858 325 1898 33,
347 1842 394 1896 cf.
417 1843 464 1890 8,
483 1856 499 1882 1
517 1872 527 1890 ,
545 1855 605 1896 30.
634 1840 705 1895 38,
728 1853 790 1892 23.
813 1855 860 1889 41
877 1869 888 1885 ,
922 1838 978 1879 16.
996 1852 1098 1877 arma
1119 1839 1349 1878 Samnitium
1372 1838 1479 1877 mili-

258 1907 344 1937 tum
369 1909 461 1936 auro
484 1899 519 1936 Sc
538 1904 694 1945 argento
725 1894 856 1933 caelata
875 1908 916 1947 9,
945 1906 1009 1942 40.
1042 1907 1111 1940 10,
1142 1892 1200 1932 18.

209 1951 528 1990 Armamentarium
552 1948 747 1989 Chalcidis
773 1963 818 2001 31
835 1978 845 1994 ,
874 1959 933 1999 23.

206 2007 402 2043 Armatura
423 2003 515 2043 levis
529 2035 543 2050 ,
574 2001 825 2054 promtissima
847 2014 905 2041 res
930 2000 978 2039 ad
998 1999 1257 2040 lacessendum
1282 2009 1478 2041 certamen

253 2072 307 2107 44
321 2089 332 2106 ’
359 2074 396 2107 4·

207 2113 394 2159 Armenes,
409 2112 569 2152 Nabidis
587 2111 708 2158 filius,
723 2119 810 2150 ante
831 2122 983 2149 currum
1003 2108 1275 2160 triumphalem
1291 2110 1338 2149 T.
1357 2110 1480 2159 Quin-

259 2166 322 2205 etii
347 2167 480 2206 duetus
505 2180 575 2219 34,
601 2179 662 2219 52.

204 2219 376 2268 Armenia
405 2234 452 2268 41
468 2252 480 2269 ‚
503 2235 563 2268 24
588 2220 636 2259 ab
663 2219 827 2259 Antonio
853 2226 1062 2268 occupatur
1092 2230 1186 2269 131,
1212 2232 1274 2266 40.
1298 2217 1480 2268 spoliatur

259 2287 280 2312 a
300 2275 486 2314 Romanis
510 2276 573 2328 63.
600 2274 788 2314 Armeniae
812 2273 941 2313 multae
964 2283 1087 2323 partes
1108 2272 1145 2311 se
1172 2272 1316 2312 dedunt
1335 2272 1477 2319 Roma.

258 2330 317 2367 nis
342 2329 416 2383 98,
440 2330 503 2378 64.

213 2381 380 2431 Armeni,
405 2383 592 2434 suppetias
622 2382 786 2422 ferentes
811 2382 994 2432 Tigrani,
1022 2394 1157 2431 magna
1184 2380 1301 2431 strage
1323 2381 1480 2431 Cappa-

271 2438 381 2483 docia
408 2437 649 2489 expelluntur
675 2451 696 2479 a
722 2436 826 2479 Sulla
851 2450 924 2491 70,
953 2450 1011 2492 50.
1041 2436 1221 2488 spernunt
1250 2436 1378 2486 copias
1406 2435 1478 2476 Lu=
