1638 2755
328 143 918 194 HISTORIARUM
965 145 1274 193 LIBROS.

206 247 403 300 ruspicum
428 256 506 287 arte
532 249 731 286 inventum
756 261 825 296 14,
851 261 910 286 ιι.
937 247 1095 297 epulum
1122 249 1303 290 ludorum
1326 254 1438 293 causti,

209 318 285 357 25,
314 317 348 342 2.
371 316 445 354 27,
475 303 531 354 36.
562 317 636 354 29,
664 301 720 352 38.
739 311 848 351 porta
865 331 876 348 ‚
898 301 1038 351 Capuae
1063 304 1135 349 26,
1160 318 1217 353 14.
1235 305 1342 353 Jovis
1368 306 1438 345 seh

208 355 246 396 la
268 357 307 395 in
330 355 478 408 templo
506 355 722 406 Capitolino
750 368 789 408 ς,
819 368 881 394 2ο.
913 356 1087 406 lignum,
1113 357 1291 397 Praeneste
1317 360 1440 400 deve-

212 413 341 457 itum,
372 424 392 449 a
417 412 604 450 distatore
627 410 674 451 T.
707 409 890 457 Quinetio
920 410 958 447 in
982 410 1216 459 Capitolium
1244 413 1359 452 fertur
1391 416 1438 462 6,

212 479 275 517 29.
307 464 494 504 Tonantis
526 465 625 503 aedes
661 464 701 502 in
736 463 927 513 Capitolio
960 464 1007 503 ab
1034 466 1199 513 Augusto
1235 468 1438 506 dedicatur

215 519 313 572 136,
336 532 393 571 13.
419 518 506 566 Jovi
534 531 637 557 aram
668 520 705 556 in
735 526 869 555 monte
884 517 982 557 AEno
1012 519 1208 558 consecrat
1235 520 1437 572 Philippus

211 585 285 620 40,
304 587 366 611 22.
389 573 491 611 dona
509 574 544 611 ἃ
564 571 682 621 spolia
709 571 792 616 figit
820 571 980 623 Pyrrhus
1008 586 1049 626 13
1070 605 1081 621 ‚
1099 587 1134 626 9.

159 627 280 667 Jurare
301 638 380 664 non
401 626 521 675 potest
541 626 680 664 flamen
699 625 837 671 Dialis,
865 634 980 674 atque
1000 628 1098 665 adeo
1119 626 1235 666 alium
1260 628 1347 674 dat,
1371 630 1438 679 qui

212 692 283 730 pro
309 679 346 718 se
368 680 468 728 juret
488 693 530 732 31
549 709 560 728 ,
591 694 653 733 50.
670 682 799 732 jurare¹
817 692 884 731 pro
907 680 1026 720 altero
1049 694 1330 732 nonnunquam
1353 696 1438 733 per-2

212 731 387 780 missum,
404 735 488 771 ibid.

157 786 409 838 jusjurandum
432 786 594 826 militum
626 787 814 826 diversum
836 801 857 826 a
881 787 1118 827 sacramento
1144 803 1191 828 22
1207 819 1218 836 ,
1244 789 1306 843 38.
1333 791 1442 838 juris.

210 842 363 890 jurandi
399 841 571 891 religiosa
599 841 810 880 observatio
840 855 883 893 3,
912 857 971 882 20.
999 843 1113 881 nimis
1147 844 1287 882 callida
1316 845 1439 882 inter-

210 895 372 945 pretatio
396 911 445 934 22
461 925 472 941 ‚
489 896 552 935 61.
576 897 822 944 jurejurando
848 896 1004 936 adactus
1025 897 1191 947 populus
1209 928 1220 944 ,
1242 898 1439 939 neminem

210 961 369 998 regnare
386 949 515 988 Romae
535 950 701 999 paliuros
720 965 762 996 2,
782 964 796 988 1
815 950 850 988 ἐξ)
868 965 901 988 2.
923 951 1173 1000 jurejurando
1188 954 1341 1002 quando
1361 952 1438 1001 pri-

212 1014 321 1041 mum
345 1002 484 1042 milites
510 1005 632 1042 adae‘ti
653 1019 719 1050 22,
741 1003 803 1054 38.

160 1056 226 1099 lus
253 1055 462 1096 humanum
490 1058 637 1096 violant
656 1057 762 1097 Fabii
795 1070 811 1109 5
832 1088 841 1102 ‚
870 1059 931 1112 36.
956 1059 994 1096 in
1022 1060 1136 1097 armis
1159 1058 1287 1098 ferunt
1312 1058 1435 1106 Galli,

211 1110 297 1150 ibid.
321 1112 405 1160 jus,
424 1111 465 1149 id
495 1112 566 1158 est,
594 1113 698 1161 quod
725 1112 957 1160 postremum
982 1112 1149 1163 populus
1173 1113 1281 1161 jubet
1304 1128 1349 1162 7,
1380 1127 1440 1162 17.

210 1178 259 1218 9,
289 1177 346 1216 33.
379 1166 439 1214 jus
462 1165 637 1204 divinum
665 1168 700 1205 ἂ
725 1166 937 1204 humanum
967 1180 979 1203 1
999 1196 1009 1212 ,
1045 1167 1103 1205 18.
1134 1167 1271 1214 civile,
1293 1167 1440 1216 reposi-

211 1226 297 1256 tum
323 1219 361 1256 in
390 1220 617 1268 pontificum
646 1220 924 1269 penetralibus,
961 1219 1115 1270 evulgat
1141 1220 1183 1260 C.
1208 1220 1357 1259 Flavius
1390 1235 1437 1273 9,

211 1271 275 1319 46.
302 1272 547 1322 postliminii,
567 1275 602 1313 ἃ
627 1274 674 1312 de
693 1287 738 1312 eo
760 1274 967 1323 disputatio
994 1276 1062 1326 56,
1094 1274 1150 1313 16.
1173 1274 1337 1324 suffragii
1356 1276 1438 1324 qui-

167 1349 172 1353 ·
214 1325 285 1363 bus
311 1329 536 1377 competat?
567 1341 644 1381 45,
673 1342 730 1380 15.
757 1329 851 1377 juris
878 1328 1023 1377 antiqui
1056 1328 1220 1367 formula
1244 1341 1315 1381 37,
1351 1343 1411 1380 57.
1454 1348 1459 1352 ·

158 1379 332 1432 ,Iustitiam
362 1380 549 1420 inditium
579 1395 624 1429 3,
657 1394 673 1430 3
700 1384 734 1420 δ’
763 1397 824 1432 27.
852 1398 896 1430 4,
927 1383 974 1421 26
998 1382 1188 1433 &31.·6,
1220 1397 1240 1421 2
1265 1384 1298 1421 6³
1326 1397 1361 1433 7.
1389 1397 1438 1434 7,

213 1433 238 1472 6
264 1431 299 1470 δ’
321 1433 381 1472 28.
424 1448 493 1481 10,
519 1450 544 1482 4
569 1437 604 1473 6·
628 1436 699 1474 21.
733 1448 798 1483 per
829 1435 1075 1485 quatriduum
1112 1435 1301 1474 servatum
1332 1449 1372 1488 3,
1402 1451 1433 1488 3.

210 1499 279 1537 per
303 1487 383 1526 dies
411 1489 546 1527 decem
573 1490 609 1528 ὃς
628 1492 715 1528 odio
748 1503 819 1535 ιο,
847 1503 906 1528 21.
929 1490 967 1527 in
997 1490 1079 1527 foro
1106 1489 1168 1528 sua
1199 1489 1333 1539 sponte
1357 1503 1439 1528 coe-

212 1550 326 1590 ptum
346 1541 464 1590 prius,
492 1555 607 1592 quam
632 1542 820 1582 indictum
835 1557 932 1595 9,7.
951 1542 1142 1582 remissum
1163 1556 1230 1591 10,
1255 1558 1315 1583 21.
1335 1544 1437 1590 iusti-

215 1594 270 1632 tio
298 1595 416 1634 simile
441 1598 561 1635 otium
589 1611 638 1647 7,
662 1610 691 1635 1.
721 1598 790 1644 26,
809 1598 870 1636 26.
1078 1629 1082 1634 .

160 1648 199 1689 L.
221 1648 412 1687 Iuventius
435 1651 601 1697 Thalna,
628 1650 775 1699 legatus
808 1664 876 1702 39,
908 1664 969 1705 31.
995 1651 1159 1690 Romam
1187 1649 1317 1689 missus
1345 1650 1407 1702 38.

159 1703 228 1741 Μ’.
243 1703 433 1741 Iuventius
463 1707 506 1743 Τ.
529 1706 572 1744 F.
596 1707 637 1743 T.
664 1706 715 1745 N.
737 1706 902 1752 Thalna,
927 1703 1002 1744 cos.
1032 1705 1190 1743 moritur
1209 1717 1283 1755 prae
1305 1704 1437 1746 laetitia

212 1756 286 1803 46,
318 1756 376 1795 18.

158 1809 233 1848 Μ’.
260 1810 450 1848 Iuventius
468 1812 684 1862 Laterensis,
709 1809 855 1859 legatus
871 1811 1038 1861 Lepidi,
1062 1812 1184 1851 multa
1210 1820 1341 1851 monet
1364 1811 1434 1852 Le-

211 1862 346 1912 pidum
370 1878 442 1917 119
457 1880 544 1918 ‚49.
568 1874 728 1915 accepto
746 1866 786 1904 in
800 1865 914 1904 castra
930 1867 1121 1914 Antonio,
1142 1867 1341 1914 Juventius
1357 1866 1434 1905 sese

214 1917 395 1957 interficit
424 1931 482 1971 51.

160 1970 230 2009 Μ’,
257 1971 443 2010 Iuventius
467 1973 632 2019 Thalna,
654 1972 741 2012 trib.
764 1971 815 2023 pl.
842 1972 992 2012 accusat
1017 1973 1057 2014 C.
1073 1974 1289 2013 Lucretium
1305 2004 1314 2021 ,
1339 1987 1433 2024 prae-

213 2031 335 2063 torem
371 2040 448 2080 43,
482 2040 541 2065 10.
579 2036 727 2066 creatus
766 2036 923 2076 praetor,
953 2028 1105 2066 sortitur
1130 2028 1435 2077 jurisdictionem

211 2078 310 2116 inter
342 2081 563 2129 peregrinos
589 2094 666 2133 45,
704 2095 749 2128 14
783 2080 818 2118 δ’
849 2083 905 2121 16.
940 2083 1179 2132 rogationem
1212 2083 1435 2132 promulgat

213 2131 262 2169 de
288 2131 390 2170 bello
418 2133 582 2173 Rhodiis
608 2133 817 2174 indicendo
847 2149 920 2189 45,
940 2150 1001 2187 21.
1026 2137 1062 2175 ei
1087 2136 1334 2180 adversantur
1360 2137 1435 2174 tri-

212 2184 308 2222 buni
332 2184 383 2235 pl.
403 2187 488 2225 ibid.

158 2239 206 2279 P.
219 2238 407 2277 Iuventius
428 2240 584 2288 Thalna,
599 2249 760 2291 praetor‚
780 2254 870 2281 cum
891 2243 1058 2283 exercitu
1073 2245 1115 2283 in
1135 2244 1321 2284 Graeciam
1342 2256 1435 2294 pro-

213 2291 392 2330 ficiscitur
416 2303 545 2332 contra
568 2295 789 2334 Andriscum
821 2310 889 2347 50,
918 2310 950 2348 3.
974 2299 1141 2337 vincitur
1168 2298 1227 2350 38.

164 2346 428 2394 T.Juvem1·us‚
452 2347 537 2385 trib.
558 2348 668 2387 milit.
692 2349 797 2387 cadit
810 2350 849 2387 in
868 2363 996 2400 pugna
1023 2365 1096 2403 33,
1122 2367 1184 2390 22.

162 2401 202 2441 T„
220 2399 423 2445 Iuventius,
440 2399 601 2450 legatus,
620 2403 669 2440 ad
692 2402 927 2442 frumentum
947 2404 1049 2444 claffi
1069 2404 1328 2456 exercituique
1342 2415 1428 2446 coe·³

209 2454 415 2498 mendum,
438 2454 477 2494 in
496 2454 670 2506 Apuliam
692 2457 856 2496 mittitur
878 2472 953 2507 42,
972 2472 1031 2511 27.
