<?xml version="1.0" encoding="UTF-8"?>
<!DOCTYPE html PUBLIC "-//W3C//DTD XHTML 1.0 Transitional//EN"
    "http://www.w3.org/TR/xhtml1/DTD/xhtml1-transitional.dtd">
<html xmlns="http://www.w3.org/1999/xhtml" xml:lang="en" lang="en">
 <head>
  <title>
</title>
<meta http-equiv="Content-Type" content="text/html;charset=utf-8" />
  <meta name='ocr-system' content='tesseract 3.04.00' />
  <meta name='ocr-capabilities' content='ocr_page ocr_carea ocr_par ocr_line ocrx_word'/>
</head>
<body>
  <div class='ocr_page' id='page_1' title='image "./historiarumlibri13livyuoft_0425.png"; bbox 0 0 1638 2755; ppageno 0'>
   <div class='ocr_carea' id='block_1_1' title="bbox 280 145 1230 199">
    <p class='ocr_par' dir='ltr' id='par_1_1' title="bbox 280 145 1230 199">
     <span class='ocr_line' id='line_1_1' title="bbox 280 145 1230 199; baseline 0.003 -3"><span class='ocrx_word' id='word_1_1' title='bbox 280 145 869 196; x_wconf 80' lang='lat' dir='ltr'>HISTORIARUM</span> <span class='ocrx_word' id='word_1_2' title='bbox 914 148 1230 199; x_wconf 64' lang='lat' dir='ltr'>LIBROS.&gt;</span> 
     </span>
    </p>
   </div>
   <div class='ocr_carea' id='block_1_2' title="bbox 99 253 1453 2509">
    <p class='ocr_par' dir='ltr' id='par_1_2' title="bbox 99 253 1453 2509">
     <span class='ocr_line' id='line_1_2' title="bbox 162 253 1384 307; baseline 0.002 -11"><span class='ocrx_word' id='word_1_3' title='bbox 162 256 416 307; x_wconf 81' lang='lat' dir='ltr'>thaginienses</span> <span class='ocrx_word' id='word_1_4' title='bbox 434 286 448 303; x_wconf 97' lang='lat'>,</span> <span class='ocrx_word' id='word_1_5' title='bbox 480 264 522 294; x_wconf 87' lang='lat' dir='ltr'>ut</span> <span class='ocrx_word' id='word_1_6' title='bbox 549 256 590 294; x_wconf 91' lang='lat' dir='ltr'>in</span> <span class='ocrx_word' id='word_1_7' title='bbox 615 253 785 296; x_wconf 89' lang='lat' dir='ltr'>Siciliam</span> <span class='ocrx_word' id='word_1_8' title='bbox 813 263 877 293; x_wconf 82' lang='lat' dir='ltr'>aut</span> <span class='ocrx_word' id='word_1_9' title='bbox 907 255 1057 295; x_wconf 84' lang='lat' dir='ltr'>Italiam</span> <span class='ocrx_word' id='word_1_10' title='bbox 1087 270 1175 296; x_wconf 89' lang='lat' dir='ltr'>curn</span> <span class='ocrx_word' id='word_1_11' title='bbox 1213 259 1384 299; x_wconf 74' lang='lat' dir='ltr'>exercitu</span> 
     </span>
     <span class='ocr_line' id='line_1_3' title="bbox 129 308 1384 363; baseline 0 -13"><span class='ocrx_word' id='word_1_12' title='bbox 129 316 131 319; x_wconf 82' lang='grc'><strong>“</strong></span> <span class='ocrx_word' id='word_1_13' title='bbox 162 313 328 360; x_wconf 80' lang='lat' dir='ltr'>trajiciat</span> <span class='ocrx_word' id='word_1_14' title='bbox 349 325 396 363; x_wconf 88' lang='lat'>29</span> <span class='ocrx_word' id='word_1_15' title='bbox 412 342 424 356; x_wconf 91' lang='lat'><em>,</em></span> <span class='ocrx_word' id='word_1_16' title='bbox 444 325 480 357; x_wconf 86' lang='lat'>4.</span> <span class='ocrx_word' id='word_1_17' title='bbox 516 308 656 348; x_wconf 87' lang='lat' dir='ltr'>talenta</span> <span class='ocrx_word' id='word_1_18' title='bbox 687 310 876 356; x_wconf 85' lang='lat' dir='ltr'>ducenta,</span> <span class='ocrx_word' id='word_1_19' title='bbox 916 309 1086 349; x_wconf 87' lang='lat' dir='ltr'>semestre</span> <span class='ocrx_word' id='word_1_20' title='bbox 1125 312 1353 361; x_wconf 80' lang='lat' dir='ltr'>stipendium</span> <span class='ocrx_word' id='word_1_21' title='bbox 1369 343 1384 360; x_wconf 69' lang='lat'><strong><em>„</em></strong></span> 
     </span>
     <span class='ocr_line' id='line_1_4' title="bbox 163 362 1385 417; baseline 0.001 -13"><span class='ocrx_word' id='word_1_22' title='bbox 163 366 274 414; x_wconf 86' lang='lat' dir='ltr'>Cotyi</span> <span class='ocrx_word' id='word_1_23' title='bbox 305 364 468 415; x_wconf 86' lang='lat' dir='ltr'>appensa</span> <span class='ocrx_word' id='word_1_24' title='bbox 507 376 528 402; x_wconf 90' lang='lat' dir='ltr'>a</span> <span class='ocrx_word' id='word_1_25' title='bbox 562 362 692 402; x_wconf 83' lang='lat' dir='ltr'>Perseo</span> <span class='ocrx_word' id='word_1_26' title='bbox 723 377 796 409; x_wconf 84' lang='lat'>42,</span> <span class='ocrx_word' id='word_1_27' title='bbox 825 362 887 412; x_wconf 87' lang='lat'>67.</span> <span class='ocrx_word' id='word_1_28' title='bbox 930 364 1206 415; x_wconf 80' lang='lat' dir='ltr'>quinquaginta</span> <span class='ocrx_word' id='word_1_29' title='bbox 1235 367 1274 404; x_wconf 91' lang='lat' dir='ltr'>in</span> <span class='ocrx_word' id='word_1_30' title='bbox 1303 367 1385 417; x_wconf 71' lang='lat' dir='ltr'>ripa</span> 
     </span>
     <span class='ocr_line' id='line_1_5' title="bbox 163 415 1094 471; baseline 0 -13"><span class='ocrx_word' id='word_1_31' title='bbox 163 419 321 469; x_wconf 76' lang='lat' dir='ltr'>exponit</span> <span class='ocrx_word' id='word_1_32' title='bbox 350 417 520 463; x_wconf 71' lang='lat' dir='ltr'>Perseus,</span> <span class='ocrx_word' id='word_1_33' title='bbox 542 415 651 455; x_wconf 88' lang='lat' dir='ltr'>militi</span> <span class='ocrx_word' id='word_1_34' title='bbox 687 415 899 465; x_wconf 87' lang='lat' dir='ltr'>diripienda</span> <span class='ocrx_word' id='word_1_35' title='bbox 931 431 1009 465; x_wconf 86' lang='lat'>44,</span> <span class='ocrx_word' id='word_1_36' title='bbox 1030 431 1094 471; x_wconf 82' lang='lat'>45.</span> 
     </span>
     <span class='ocr_line' id='line_1_6' title="bbox 111 469 1034 522; baseline -0.001 -11"><span class='ocrx_word' id='word_1_37' title='bbox 111 473 296 521; x_wconf 78' lang='lat' dir='ltr'>Tamiani,</span> <span class='ocrx_word' id='word_1_38' title='bbox 320 472 417 510; x_wconf 89' lang='lat' dir='ltr'>inter</span> <span class='ocrx_word' id='word_1_39' title='bbox 439 469 576 510; x_wconf 82' lang='lat' dir='ltr'>auxilia</span> <span class='ocrx_word' id='word_1_40' title='bbox 602 469 841 509; x_wconf 84' lang='lat' dir='ltr'>Rhodiorum</span> <span class='ocrx_word' id='word_1_41' title='bbox 869 482 940 522; x_wconf 82' lang='lat'>33,</span> <span class='ocrx_word' id='word_1_42' title='bbox 975 470 1034 510; x_wconf 87' lang='lat'>18.</span> 
     </span>
     <span class='ocr_line' id='line_1_7' title="bbox 112 524 654 578; baseline -0.006 -14"><span class='ocrx_word' id='word_1_43' title='bbox 112 529 281 578; x_wconf 70' lang='lat' dir='ltr'>Tanagra</span> <span class='ocrx_word' id='word_1_44' title='bbox 309 538 376 577; x_wconf 80' lang='lat'>33,</span> <span class='ocrx_word' id='word_1_45' title='bbox 400 524 462 563; x_wconf 87' lang='lat'>28.</span> <span class='ocrx_word' id='word_1_46' title='bbox 496 536 566 576; x_wconf 69' lang='lat'>35,</span> <span class='ocrx_word' id='word_1_47' title='bbox 594 537 654 575; x_wconf 82' lang='lat'>51.</span> 
     </span>
     <span class='ocr_line' id='line_1_8' title="bbox 113 576 607 629; baseline -0.008 -11"><span class='ocrx_word' id='word_1_48' title='bbox 113 582 273 627; x_wconf 82' lang='lat' dir='ltr'>Tanais,</span> <span class='ocrx_word' id='word_1_49' title='bbox 299 579 421 617; x_wconf 85' lang='lat' dir='ltr'>amnis</span> <span class='ocrx_word' id='word_1_50' title='bbox 452 577 521 629; x_wconf 82' lang='lat'>38,</span> <span class='ocrx_word' id='word_1_51' title='bbox 548 576 607 628; x_wconf 86' lang='lat'>38.</span> 
     </span>
     <span class='ocr_line' id='line_1_9' title="bbox 112 629 1388 685; baseline 0 -13"><span class='ocrx_word' id='word_1_52' title='bbox 112 631 468 685; x_wconf 74' lang='lat' dir='ltr'>Tanaquil‚femina</span> <span class='ocrx_word' id='word_1_53' title='bbox 483 630 634 668; x_wconf 87' lang='lat' dir='ltr'>summo</span> <span class='ocrx_word' id='word_1_54' title='bbox 651 629 738 668; x_wconf 86' lang='lat' dir='ltr'>loco</span> <span class='ocrx_word' id='word_1_55' title='bbox 764 638 874 678; x_wconf 80' lang='lat' dir='ltr'>nata,</span> <span class='ocrx_word' id='word_1_56' title='bbox 903 630 1237 671; x_wconf 83' lang='lat' dir='ltr'>nubitLucumoni</span> <span class='ocrx_word' id='word_1_57' title='bbox 1260 646 1298 679; x_wconf 78' lang='lat'>1,</span> <span class='ocrx_word' id='word_1_58' title='bbox 1328 646 1388 685; x_wconf 77' lang='grc'>34,</span> 
     </span>
     <span class='ocr_line' id='line_1_10' title="bbox 163 684 1388 734; baseline -0.002 -8"><span class='ocrx_word' id='word_1_59' title='bbox 163 686 371 726; x_wconf 71' lang='lat' dir='ltr'>coelestium</span> <span class='ocrx_word' id='word_1_60' title='bbox 391 684 650 734; x_wconf 77' lang='lat' dir='ltr'>prodigiorum</span> <span class='ocrx_word' id='word_1_61' title='bbox 670 685 808 732; x_wconf 84' lang='lat' dir='ltr'>perita,</span> <span class='ocrx_word' id='word_1_62' title='bbox 827 686 872 723; x_wconf 80' lang='lat' dir='ltr'>ih.</span> <span class='ocrx_word' id='word_1_63' title='bbox 895 685 1143 734; x_wconf 77' lang='lat' dir='ltr'>Tarquinium</span> <span class='ocrx_word' id='word_1_64' title='bbox 1161 687 1208 724; x_wconf 84' lang='lat' dir='ltr'>ad</span> <span class='ocrx_word' id='word_1_65' title='bbox 1223 687 1388 725; x_wconf 58' lang='lat' dir='ltr'>educam«</span> 
     </span>
     <span class='ocr_line' id='line_1_11' title="bbox 99 738 1389 792; baseline -0.001 -13"><span class='ocrx_word' id='word_1_66' title='bbox 99 768 102 774; x_wconf 84' lang='lat'>-</span> <span class='ocrx_word' id='word_1_67' title='bbox 163 741 257 779; x_wconf 88' lang='lat' dir='ltr'>dum</span> <span class='ocrx_word' id='word_1_68' title='bbox 278 740 426 778; x_wconf 84' lang='lat' dir='ltr'>summa</span> <span class='ocrx_word' id='word_1_69' title='bbox 448 749 534 775; x_wconf 84' lang='lat' dir='ltr'>cura</span> <span class='ocrx_word' id='word_1_70' title='bbox 563 738 733 777; x_wconf 88' lang='lat' dir='ltr'>Servium</span> <span class='ocrx_word' id='word_1_71' title='bbox 754 738 893 776; x_wconf 78' lang='lat' dir='ltr'>excitat</span> <span class='ocrx_word' id='word_1_72' title='bbox 916 753 976 792; x_wconf 82' lang='lat'>39.</span> <span class='ocrx_word' id='word_1_73' title='bbox 1004 739 1205 778; x_wconf 63' lang='lat' dir='ltr'>interfecto</span> <span class='ocrx_word' id='word_1_74' title='bbox 1236 741 1389 789; x_wconf 80' lang='lat' dir='ltr'>Tarqui-</span> 
     </span>
     <span class='ocr_line' id='line_1_12' title="bbox 162 792 1387 844; baseline 0.002 -12"><span class='ocrx_word' id='word_1_75' title='bbox 162 795 253 840; x_wconf 80' lang='lat' dir='ltr'>nio,</span> <span class='ocrx_word' id='word_1_76' title='bbox 269 792 433 831; x_wconf 88' lang='lat' dir='ltr'>eundem</span> <span class='ocrx_word' id='word_1_77' title='bbox 459 792 659 838; x_wconf 74' lang='lat' dir='ltr'>Servium,</span> <span class='ocrx_word' id='word_1_78' title='bbox 683 804 864 841; x_wconf 79' lang='lat' dir='ltr'>generum</span> <span class='ocrx_word' id='word_1_79' title='bbox 884 792 1015 840; x_wconf 81' lang='lat' dir='ltr'>suum,</span> <span class='ocrx_word' id='word_1_80' title='bbox 1045 794 1095 832; x_wconf 85' lang='lat' dir='ltr'>ad</span> <span class='ocrx_word' id='word_1_81' title='bbox 1121 793 1387 844; x_wconf 76' lang='lat' dir='ltr'>capessendam</span> 
     </span>
     <span class='ocr_line' id='line_1_13' title="bbox 165 843 959 895; baseline -0.003 -9"><span class='ocrx_word' id='word_1_82' title='bbox 165 859 288 886; x_wconf 87' lang='lat' dir='ltr'>rerum</span> <span class='ocrx_word' id='word_1_83' title='bbox 315 857 445 884; x_wconf 87' lang='lat' dir='ltr'>curam</span> <span class='ocrx_word' id='word_1_84' title='bbox 469 843 641 883; x_wconf 79' lang='lat' dir='ltr'>hortatur</span> <span class='ocrx_word' id='word_1_85' title='bbox 662 859 723 891; x_wconf 86' lang='lat'>41.</span> <span class='ocrx_word' id='word_1_86' title='bbox 744 847 816 884; x_wconf 76' lang='lat' dir='ltr'>vid.</span> <span class='ocrx_word' id='word_1_87' title='bbox 836 847 870 884; x_wconf 64' lang='grc' dir='ltr'>δ’</span> <span class='ocrx_word' id='word_1_88' title='bbox 897 861 959 895; x_wconf 84' lang='grc'>47.</span> 
     </span>
     <span class='ocr_line' id='line_1_14' title="bbox 112 897 930 952; baseline 0 -14"><span class='ocrx_word' id='word_1_89' title='bbox 112 901 302 946; x_wconf 69' lang='lat' dir='ltr'>Tanaum,</span> <span class='ocrx_word' id='word_1_90' title='bbox 326 900 434 938; x_wconf 84' lang='lat' dir='ltr'>vicus</span> <span class='ocrx_word' id='word_1_91' title='bbox 463 912 506 936; x_wconf 86' lang='lat'>21</span> <span class='ocrx_word' id='word_1_92' title='bbox 523 928 534 943; x_wconf 92' lang='lat'><strong>,</strong></span> <span class='ocrx_word' id='word_1_93' title='bbox 567 912 626 950; x_wconf 85' lang='lat'>25.</span> <span class='ocrx_word' id='word_1_94' title='bbox 648 897 694 949; x_wconf 66' lang='lat' dir='ltr'>cf}</span> <span class='ocrx_word' id='word_1_95' title='bbox 716 900 749 937; x_wconf 71' lang='lat'>6³</span> <span class='ocrx_word' id='word_1_96' title='bbox 774 913 844 950; x_wconf 79' lang='lat'>30,</span> <span class='ocrx_word' id='word_1_97' title='bbox 872 913 930 952; x_wconf 87' lang='lat'>19.</span> 
     </span>
     <span class='ocr_line' id='line_1_15' title="bbox 111 951 1270 1006; baseline 0.002 -14"><span class='ocrx_word' id='word_1_98' title='bbox 111 956 322 1005; x_wconf 81' lang='lat' dir='ltr'>Tanginus‚</span> <span class='ocrx_word' id='word_1_99' title='bbox 351 953 428 991; x_wconf 76' lang='lat' dir='ltr'>dux</span> <span class='ocrx_word' id='word_1_100' title='bbox 450 951 664 997; x_wconf 80' lang='lat' dir='ltr'>latronum,</span> <span class='ocrx_word' id='word_1_101' title='bbox 695 951 849 1001; x_wconf 85' lang='lat' dir='ltr'>fugatur</span> <span class='ocrx_word' id='word_1_102' title='bbox 872 965 892 991; x_wconf 88' lang='lat' dir='ltr'>a</span> <span class='ocrx_word' id='word_1_103' title='bbox 919 953 1103 1003; x_wconf 82' lang='lat' dir='ltr'>Pompejo</span> <span class='ocrx_word' id='word_1_104' title='bbox 1133 966 1204 1006; x_wconf 80' lang='lat'>54,</span> <span class='ocrx_word' id='word_1_105' title='bbox 1231 967 1270 1003; x_wconf 85' lang='grc'>4.</span> 
     </span>
     <span class='ocr_line' id='line_1_16' title="bbox 108 1005 1334 1061; baseline 0.002 -15"><span class='ocrx_word' id='word_1_106' title='bbox 108 1009 151 1046; x_wconf 93' lang='lat' dir='ltr'>L.</span> <span class='ocrx_word' id='word_1_107' title='bbox 183 1008 369 1056; x_wconf 66' lang='lat' dir='ltr'>Tantasius</span> <span class='ocrx_word' id='word_1_108' title='bbox 385 1036 395 1053; x_wconf 80' lang='lat'>,</span> <span class='ocrx_word' id='word_1_109' title='bbox 421 1018 537 1054; x_wconf 87' lang='lat' dir='ltr'>eques</span> <span class='ocrx_word' id='word_1_110' title='bbox 565 1005 673 1044; x_wconf 88' lang='lat' dir='ltr'>Rom.</span> <span class='ocrx_word' id='word_1_111' title='bbox 695 1006 920 1045; x_wconf 85' lang='lat' dir='ltr'>interficitur</span> <span class='ocrx_word' id='word_1_112' title='bbox 939 1020 959 1045; x_wconf 88' lang='lat' dir='ltr'>a</span> <span class='ocrx_word' id='word_1_113' title='bbox 987 1007 1147 1046; x_wconf 79' lang='lat' dir='ltr'>Catilina</span> <span class='ocrx_word' id='word_1_114' title='bbox 1172 1008 1247 1057; x_wconf 88' lang='lat'>88,</span> <span class='ocrx_word' id='word_1_115' title='bbox 1274 1020 1334 1061; x_wconf 84' lang='lat'>30.</span> 
     </span>
     <span class='ocr_line' id='line_1_17' title="bbox 112 1058 803 1110; baseline -0.001 -12"><span class='ocrx_word' id='word_1_116' title='bbox 112 1062 264 1110; x_wconf 78' lang='lat' dir='ltr'>Tanusiae</span> <span class='ocrx_word' id='word_1_117' title='bbox 284 1060 380 1098; x_wconf 87' lang='lat' dir='ltr'>fides</span> <span class='ocrx_word' id='word_1_118' title='bbox 408 1058 447 1096; x_wconf 85' lang='lat' dir='ltr'>in</span> <span class='ocrx_word' id='word_1_119' title='bbox 468 1059 592 1096; x_wconf 82' lang='lat' dir='ltr'>virum</span> <span class='ocrx_word' id='word_1_120' title='bbox 620 1072 714 1105; x_wconf 92' lang='lat'><em>120,</em></span> <span class='ocrx_word' id='word_1_121' title='bbox 740 1075 803 1107; x_wconf 86' lang='lat'>44.</span> 
     </span>
     <span class='ocr_line' id='line_1_18' title="bbox 114 1111 1394 1168; baseline 0.002 -16"><span class='ocrx_word' id='word_1_122' title='bbox 114 1114 403 1152; x_wconf 75' lang='lat' dir='ltr'>Tarcondimotus</span> <span class='ocrx_word' id='word_1_123' title='bbox 419 1142 431 1160; x_wconf 87' lang='lat'>‚</span> <span class='ocrx_word' id='word_1_124' title='bbox 457 1111 602 1151; x_wconf 87' lang='lat' dir='ltr'>Ciliciae</span> <span class='ocrx_word' id='word_1_125' title='bbox 624 1124 713 1159; x_wconf 83' lang='lat' dir='ltr'>rex,</span> <span class='ocrx_word' id='word_1_126' title='bbox 737 1112 932 1152; x_wconf 80' lang='lat' dir='ltr'>auxilium.</span> <span class='ocrx_word' id='word_1_127' title='bbox 944 1113 1017 1152; x_wconf 89' lang='lat' dir='ltr'>fert</span> <span class='ocrx_word' id='word_1_128' title='bbox 1034 1115 1201 1153; x_wconf 88' lang='lat' dir='ltr'>Antonio</span> <span class='ocrx_word' id='word_1_129' title='bbox 1223 1128 1308 1168; x_wconf 83' lang='lat'>132,</span> <span class='ocrx_word' id='word_1_130' title='bbox 1331 1124 1394 1166; x_wconf 73' lang='lat'>17:</span> 
     </span>
     <span class='ocr_line' id='line_1_19' title="bbox 112 1166 1389 1218; baseline 0.002 -13"><span class='ocrx_word' id='word_1_131' title='bbox 112 1168 302 1212; x_wconf 73' lang='lat' dir='ltr'>Tarentus,</span> <span class='ocrx_word' id='word_1_132' title='bbox 331 1166 418 1204; x_wconf 86' lang='lat' dir='ltr'>urbs</span> <span class='ocrx_word' id='word_1_133' title='bbox 458 1180 502 1203; x_wconf 88' lang='lat'>12</span> <span class='ocrx_word' id='word_1_134' title='bbox 522 1195 533 1213; x_wconf 85' lang='lat'>‚</span> <span class='ocrx_word' id='word_1_135' title='bbox 558 1180 596 1216; x_wconf 91' lang='lat'>7.</span> <span class='ocrx_word' id='word_1_136' title='bbox 626 1181 675 1214; x_wconf 85' lang='lat'>24</span> <span class='ocrx_word' id='word_1_137' title='bbox 695 1196 708 1212; x_wconf 84' lang='lat'>,</span> <span class='ocrx_word' id='word_1_138' title='bbox 740 1179 796 1217; x_wconf 80' lang='lat'>13.</span> <span class='ocrx_word' id='word_1_139' title='bbox 827 1180 872 1205; x_wconf 87' lang='lat' dir='ltr'>eo</span> <span class='ocrx_word' id='word_1_140' title='bbox 904 1169 1006 1205; x_wconf 86' lang='lat' dir='ltr'>venit</span> <span class='ocrx_word' id='word_1_141' title='bbox 1032 1168 1193 1218; x_wconf 84' lang='lat' dir='ltr'>Pyrrhus</span> <span class='ocrx_word' id='word_1_142' title='bbox 1234 1182 1300 1215; x_wconf 86' lang='lat'>12,</span> <span class='ocrx_word' id='word_1_143' title='bbox 1328 1183 1389 1208; x_wconf 78' lang='lat'>22,</span> 
     </span>
     <span class='ocr_line' id='line_1_20' title="bbox 165 1219 1393 1273; baseline 0.002 -14"><span class='ocrx_word' id='word_1_144' title='bbox 165 1220 374 1259; x_wconf 79' lang='lat' dir='ltr'>Tarentum</span> <span class='ocrx_word' id='word_1_145' title='bbox 400 1219 571 1268; x_wconf 85' lang='lat' dir='ltr'>proditur</span> <span class='ocrx_word' id='word_1_146' title='bbox 605 1219 809 1258; x_wconf 85' lang='lat' dir='ltr'>Hannibali</span> <span class='ocrx_word' id='word_1_147' title='bbox 843 1233 888 1273; x_wconf 82' lang='lat'>25</span> <span class='ocrx_word' id='word_1_148' title='bbox 905 1251 915 1268; x_wconf 88' lang='lat'>‚</span> <span class='ocrx_word' id='word_1_149' title='bbox 941 1220 1011 1258; x_wconf 66' lang='lat'>861</span> <span class='ocrx_word' id='word_1_150' title='bbox 1031 1236 1067 1272; x_wconf 91' lang='lat'>9.</span> <span class='ocrx_word' id='word_1_151' title='bbox 1093 1231 1335 1272; x_wconf 79' lang='lat' dir='ltr'>oppugnatur</span> <span class='ocrx_word' id='word_1_152' title='bbox 1355 1226 1393 1262; x_wconf 70' lang='grc' dir='ltr'>δεῖ</span> 
     </span>
     <span class='ocr_line' id='line_1_21' title="bbox 165 1272 1229 1325; baseline 0.001 -12"><span class='ocrx_word' id='word_1_153' title='bbox 165 1275 347 1324; x_wconf 81' lang='lat' dir='ltr'>capitura</span> <span class='ocrx_word' id='word_1_154' title='bbox 375 1273 494 1312; x_wconf 76' lang='lat' dir='ltr'>Fabio</span> <span class='ocrx_word' id='word_1_155' title='bbox 518 1272 691 1312; x_wconf 82' lang='lat' dir='ltr'>Maximo</span> <span class='ocrx_word' id='word_1_156' title='bbox 725 1288 797 1324; x_wconf 85' lang='lat'>27,</span> <span class='ocrx_word' id='word_1_157' title='bbox 830 1287 889 1325; x_wconf 85' lang='lat'>15·</span> <span class='ocrx_word' id='word_1_158' title='bbox 915 1276 986 1313; x_wconf 83' lang='lat' dir='ltr'>vid.</span> <span class='ocrx_word' id='word_1_159' title='bbox 1010 1274 1044 1312; x_wconf 72' lang='lat' dir='ltr'>G·</span> <span class='ocrx_word' id='word_1_160' title='bbox 1071 1289 1141 1323; x_wconf 68' lang='lat'>14,</span> <span class='ocrx_word' id='word_1_161' title='bbox 1164 1291 1229 1323; x_wconf 83' lang='lat'>44.</span> 
     </span>
     <span class='ocr_line' id='line_1_22' title="bbox 113 1327 1391 1381; baseline 0.001 -15"><span class='ocrx_word' id='word_1_162' title='bbox 113 1329 302 1367; x_wconf 59' lang='lat' dir='ltr'>Tarentina</span> <span class='ocrx_word' id='word_1_163' title='bbox 329 1341 394 1367; x_wconf 85' lang='lat' dir='ltr'>arx</span> <span class='ocrx_word' id='word_1_164' title='bbox 421 1327 589 1365; x_wconf 77' lang='lat' dir='ltr'>firmatur</span> <span class='ocrx_word' id='word_1_165' title='bbox 615 1327 783 1376; x_wconf 81' lang='lat' dir='ltr'>praefidio</span> <span class='ocrx_word' id='word_1_166' title='bbox 806 1328 914 1366; x_wconf 70' lang='lat' dir='ltr'>misso</span> <span class='ocrx_word' id='word_1_167' title='bbox 935 1342 954 1366; x_wconf 86' lang='lat' dir='ltr'>a</span> <span class='ocrx_word' id='word_1_168' title='bbox 982 1329 1124 1378; x_wconf 80' lang='lat' dir='ltr'>Pyrrho</span> <span class='ocrx_word' id='word_1_169' title='bbox 1147 1342 1190 1367; x_wconf 83' lang='lat'>12</span> <span class='ocrx_word' id='word_1_170' title='bbox 1209 1359 1219 1376; x_wconf 91' lang='lat'><strong>‚</strong></span> <span class='ocrx_word' id='word_1_171' title='bbox 1248 1343 1304 1381; x_wconf 89' lang='lat'>19.</span> <span class='ocrx_word' id='word_1_172' title='bbox 1322 1341 1391 1379; x_wconf 83' lang='lat' dir='ltr'>op-</span> 
     </span>
     <span class='ocr_line' id='line_1_23' title="bbox 168 1380 1393 1435; baseline 0 -14"><span class='ocrx_word' id='word_1_173' title='bbox 168 1391 357 1432; x_wconf 82' lang='lat' dir='ltr'>pugnatur</span> <span class='ocrx_word' id='word_1_174' title='bbox 373 1383 420 1420; x_wconf 81' lang='lat' dir='ltr'>ab</span> <span class='ocrx_word' id='word_1_175' title='bbox 444 1380 660 1420; x_wconf 81' lang='lat' dir='ltr'>Hannibale</span> <span class='ocrx_word' id='word_1_176' title='bbox 685 1394 730 1430; x_wconf 83' lang='lat'>25</span> <span class='ocrx_word' id='word_1_177' title='bbox 748 1412 760 1428; x_wconf 93' lang='lat'>‚</span> <span class='ocrx_word' id='word_1_178' title='bbox 790 1395 847 1420; x_wconf 91' lang='lat'>11.</span> <span class='ocrx_word' id='word_1_179' title='bbox 870 1383 903 1420; x_wconf 92' lang='lat' dir='ltr'>ei</span> <span class='ocrx_word' id='word_1_180' title='bbox 931 1383 1133 1431; x_wconf 86' lang='lat' dir='ltr'>provident</span> <span class='ocrx_word' id='word_1_181' title='bbox 1146 1382 1311 1421; x_wconf 81' lang='lat' dir='ltr'>Romani</span> <span class='ocrx_word' id='word_1_182' title='bbox 1334 1395 1393 1435; x_wconf 80' lang='lat'>15.</span> 
     </span>
     <span class='ocr_line' id='line_1_24' title="bbox 114 1435 1394 1485; baseline -0.002 -10"><span class='ocrx_word' id='word_1_183' title='bbox 114 1437 290 1475; x_wconf 76' lang='lat' dir='ltr'>Tarentini</span> <span class='ocrx_word' id='word_1_184' title='bbox 321 1435 369 1482; x_wconf 90' lang='lat'>8,</span> <span class='ocrx_word' id='word_1_185' title='bbox 405 1448 464 1485; x_wconf 89' lang='lat'>27.</span> <span class='ocrx_word' id='word_1_186' title='bbox 490 1447 622 1473; x_wconf 88' lang='lat' dir='ltr'>eorum</span> <span class='ocrx_word' id='word_1_187' title='bbox 653 1435 863 1485; x_wconf 84' lang='lat' dir='ltr'>indignatio</span> <span class='ocrx_word' id='word_1_188' title='bbox 893 1435 931 1473; x_wconf 88' lang='lat' dir='ltr'>in</span> <span class='ocrx_word' id='word_1_189' title='bbox 955 1436 1172 1483; x_wconf 86' lang='lat' dir='ltr'>Romanos,</span> <span class='ocrx_word' id='word_1_190' title='bbox 1194 1438 1239 1476; x_wconf 83' lang='lat' dir='ltr'>ib.</span> <span class='ocrx_word' id='word_1_191' title='bbox 1265 1438 1394 1474; x_wconf 79' lang='lat' dir='ltr'>conci.</span> 
     </span>
     <span class='ocr_line' id='line_1_25' title="bbox 165 1488 1392 1541; baseline 0.001 -13"><span class='ocrx_word' id='word_1_192' title='bbox 165 1499 247 1528; x_wconf 89' lang='lat' dir='ltr'>tant</span> <span class='ocrx_word' id='word_1_193' title='bbox 265 1490 457 1534; x_wconf 82' lang='lat' dir='ltr'>Lucanos,</span> <span class='ocrx_word' id='word_1_194' title='bbox 470 1489 516 1526; x_wconf 84' lang='lat' dir='ltr'>ih.</span> <span class='ocrx_word' id='word_1_195' title='bbox 540 1500 671 1527; x_wconf 89' lang='lat' dir='ltr'>eorum</span> <span class='ocrx_word' id='word_1_196' title='bbox 686 1488 844 1538; x_wconf 85' lang='lat' dir='ltr'>superba</span> <span class='ocrx_word' id='word_1_197' title='bbox 861 1488 1000 1538; x_wconf 84' lang='lat' dir='ltr'>legatio</span> <span class='ocrx_word' id='word_1_198' title='bbox 1016 1503 1053 1541; x_wconf 82' lang='lat'>9,</span> <span class='ocrx_word' id='word_1_199' title='bbox 1073 1503 1127 1538; x_wconf 87' lang='lat'>14.</span> <span class='ocrx_word' id='word_1_200' title='bbox 1150 1502 1230 1538; x_wconf 82' lang='lat' dir='ltr'>quae</span> <span class='ocrx_word' id='word_1_201' title='bbox 1247 1490 1392 1530; x_wconf 83' lang='lat' dir='ltr'>ridetur</span> 
     </span>
     <span class='ocr_line' id='line_1_26' title="bbox 167 1542 1393 1592; baseline -0.001 -10"><span class='ocrx_word' id='word_1_202' title='bbox 167 1557 189 1582; x_wconf 86' lang='lat' dir='ltr'>a</span> <span class='ocrx_word' id='word_1_203' title='bbox 221 1543 308 1581; x_wconf 69' lang='lat' dir='ltr'>coss.</span> <span class='ocrx_word' id='word_1_204' title='bbox 342 1543 455 1582; x_wconf 83' lang='lat' dir='ltr'>Rom.</span> <span class='ocrx_word' id='word_1_205' title='bbox 499 1543 546 1580; x_wconf 89' lang='lat' dir='ltr'>ad</span> <span class='ocrx_word' id='word_1_206' title='bbox 588 1555 754 1591; x_wconf 82' lang='lat' dir='ltr'>pugnarn</span> <span class='ocrx_word' id='word_1_207' title='bbox 790 1542 826 1580; x_wconf 90' lang='lat' dir='ltr'>se</span> <span class='ocrx_word' id='word_1_208' title='bbox 865 1543 1081 1592; x_wconf 84' lang='lat' dir='ltr'>parantibus</span> <span class='ocrx_word' id='word_1_209' title='bbox 1104 1574 1113 1589; x_wconf 98' lang='lat'>,</span> <span class='ocrx_word' id='word_1_210' title='bbox 1147 1545 1229 1581; x_wconf 80' lang='lat' dir='ltr'>ibid.</span> <span class='ocrx_word' id='word_1_211' title='bbox 1262 1543 1393 1582; x_wconf 87' lang='lat' dir='ltr'>invol-</span> 
     </span>
     <span class='ocr_line' id='line_1_27' title="bbox 167 1595 1394 1645; baseline 0 -10"><span class='ocrx_word' id='word_1_212' title='bbox 167 1606 263 1636; x_wconf 89' lang='lat' dir='ltr'>vunt</span> <span class='ocrx_word' id='word_1_213' title='bbox 283 1595 319 1634; x_wconf 87' lang='lat' dir='ltr'>se</span> <span class='ocrx_word' id='word_1_214' title='bbox 344 1596 446 1635; x_wconf 86' lang='lat' dir='ltr'>bello</span> <span class='ocrx_word' id='word_1_215' title='bbox 472 1595 587 1634; x_wconf 88' lang='lat' dir='ltr'>Rom.</span> <span class='ocrx_word' id='word_1_216' title='bbox 620 1610 664 1634; x_wconf 85' lang='lat'>12</span> <span class='ocrx_word' id='word_1_217' title='bbox 681 1626 689 1642; x_wconf 81' lang='lat'><em>‚</em></span> <span class='ocrx_word' id='word_1_218' title='bbox 716 1610 750 1645; x_wconf 92' lang='lat'>7.</span> <span class='ocrx_word' id='word_1_219' title='bbox 787 1597 1091 1635; x_wconf 84' lang='lat' dir='ltr'>circumveniunt</span> <span class='ocrx_word' id='word_1_220' title='bbox 1113 1598 1147 1635; x_wconf 70' lang='grc'>8(</span> <span class='ocrx_word' id='word_1_221' title='bbox 1172 1597 1394 1645; x_wconf 86' lang='lat' dir='ltr'>deprimunt</span> 
     </span>
     <span class='ocr_line' id='line_1_28' title="bbox 168 1649 1390 1698; baseline 0.001 -9"><span class='ocrx_word' id='word_1_222' title='bbox 168 1651 429 1690; x_wconf 83' lang='lat' dir='ltr'>Romanorum</span> <span class='ocrx_word' id='word_1_223' title='bbox 468 1662 580 1688; x_wconf 85' lang='lat' dir='ltr'>naves</span> <span class='ocrx_word' id='word_1_224' title='bbox 620 1649 655 1687; x_wconf 90' lang='lat'>8.</span> <span class='ocrx_word' id='word_1_225' title='bbox 692 1650 860 1698; x_wconf 83' lang='lat' dir='ltr'>inferunt</span> <span class='ocrx_word' id='word_1_226' title='bbox 889 1649 1070 1689; x_wconf 85' lang='lat' dir='ltr'>Thurinis</span> <span class='ocrx_word' id='word_1_227' title='bbox 1108 1649 1274 1698; x_wconf 87' lang='lat' dir='ltr'>bellum,</span> <span class='ocrx_word' id='word_1_228' title='bbox 1305 1652 1390 1690; x_wconf 69' lang='lat' dir='ltr'>ibid.</span> 
     </span>
     <span class='ocr_line' id='line_1_29' title="bbox 170 1703 1393 1756; baseline -0.001 -13"><span class='ocrx_word' id='word_1_229' title='bbox 170 1704 285 1755; x_wconf 86' lang='lat' dir='ltr'>legati</span> <span class='ocrx_word' id='word_1_230' title='bbox 324 1704 372 1742; x_wconf 87' lang='lat' dir='ltr'>ad</span> <span class='ocrx_word' id='word_1_231' title='bbox 417 1704 643 1743; x_wconf 87' lang='lat' dir='ltr'>Tarentinos</span> <span class='ocrx_word' id='word_1_232' title='bbox 677 1704 770 1742; x_wconf 77' lang='lat' dir='ltr'>rnissi</span> <span class='ocrx_word' id='word_1_233' title='bbox 815 1703 982 1742; x_wconf 83' lang='lat' dir='ltr'>ludibrio</span> <span class='ocrx_word' id='word_1_234' title='bbox 1021 1703 1208 1742; x_wconf 83' lang='lat' dir='ltr'>habentur</span> <span class='ocrx_word' id='word_1_235' title='bbox 1249 1719 1284 1756; x_wconf 90' lang='lat'>9.</span> <span class='ocrx_word' id='word_1_236' title='bbox 1327 1717 1393 1742; x_wconf 81' lang='lat' dir='ltr'>ca·</span> 
     </span>
     <span class='ocr_line' id='line_1_30' title="bbox 171 1757 1397 1808; baseline -0.003 -11"><span class='ocrx_word' id='word_1_237' title='bbox 171 1760 285 1808; x_wconf 88' lang='lat' dir='ltr'>piunt</span> <span class='ocrx_word' id='word_1_238' title='bbox 322 1760 354 1797; x_wconf 69' lang='grc' dir='ltr'>ἃ</span> <span class='ocrx_word' id='word_1_239' title='bbox 387 1758 572 1806; x_wconf 89' lang='lat' dir='ltr'>diripiunt</span> <span class='ocrx_word' id='word_1_240' title='bbox 621 1757 831 1796; x_wconf 83' lang='lat' dir='ltr'>Thurinam</span> <span class='ocrx_word' id='word_1_241' title='bbox 868 1758 1030 1805; x_wconf 79' lang='lat' dir='ltr'>urbem,</span> <span class='ocrx_word' id='word_1_242' title='bbox 1066 1759 1148 1795; x_wconf 86' lang='lat' dir='ltr'>ibid.</span> <span class='ocrx_word' id='word_1_243' title='bbox 1192 1759 1397 1807; x_wconf 78' lang='lat' dir='ltr'>increpan-</span> 
     </span>
     <span class='ocr_line' id='line_1_31' title="bbox 120 1809 1395 1861; baseline 0.001 -11"><span class='ocrx_word' id='word_1_244' title='bbox 120 1833 124 1838; x_wconf 89' lang='lat'><em>·</em></span> <span class='ocrx_word' id='word_1_245' title='bbox 171 1823 232 1851; x_wconf 90' lang='lat' dir='ltr'>tur</span> <span class='ocrx_word' id='word_1_246' title='bbox 278 1825 298 1850; x_wconf 84' lang='lat' dir='ltr'>a</span> <span class='ocrx_word' id='word_1_247' title='bbox 335 1811 523 1851; x_wconf 84' lang='lat' dir='ltr'>Postumio</span> <span class='ocrx_word' id='word_1_248' title='bbox 562 1809 713 1860; x_wconf 82' lang='lat' dir='ltr'>legato,</span> <span class='ocrx_word' id='word_1_249' title='bbox 749 1813 832 1850; x_wconf 82' lang='lat' dir='ltr'>ibid.</span> <span class='ocrx_word' id='word_1_250' title='bbox 874 1819 1056 1861; x_wconf 88' lang='lat' dir='ltr'>petuntur</span> <span class='ocrx_word' id='word_1_251' title='bbox 1092 1810 1193 1849; x_wconf 89' lang='lat' dir='ltr'>bello</span> <span class='ocrx_word' id='word_1_252' title='bbox 1230 1824 1250 1849; x_wconf 88' lang='lat' dir='ltr'>a</span> <span class='ocrx_word' id='word_1_253' title='bbox 1283 1812 1395 1851; x_wconf 88' lang='lat' dir='ltr'>Rom.</span> 
     </span>
     <span class='ocr_line' id='line_1_32' title="bbox 175 1864 1397 1912; baseline -0.001 -7"><span class='ocrx_word' id='word_1_254' title='bbox 175 1879 223 1905; x_wconf 87' lang='lat'>10</span> <span class='ocrx_word' id='word_1_255' title='bbox 256 1865 292 1903; x_wconf 62' lang='grc' dir='ltr'>δ’</span> <span class='ocrx_word' id='word_1_256' title='bbox 330 1865 388 1905; x_wconf 89' lang='lat'>16.</span> <span class='ocrx_word' id='word_1_257' title='bbox 425 1877 557 1903; x_wconf 85' lang='lat' dir='ltr'>eorum</span> <span class='ocrx_word' id='word_1_258' title='bbox 594 1865 729 1903; x_wconf 56' lang='lat' dir='ltr'>delicta</span> <span class='ocrx_word' id='word_1_259' title='bbox 767 1878 823 1903; x_wconf 91' lang='lat'>11.</span> <span class='ocrx_word' id='word_1_260' title='bbox 859 1866 1056 1903; x_wconf 84' lang='lat' dir='ltr'>caeduntur</span> <span class='ocrx_word' id='word_1_261' title='bbox 1088 1864 1136 1903; x_wconf 85' lang='lat' dir='ltr'>ab</span> <span class='ocrx_word' id='word_1_262' title='bbox 1159 1864 1334 1912; x_wconf 73' lang='lat' dir='ltr'>AEmffio,</span> <span class='ocrx_word' id='word_1_263' title='bbox 1358 1868 1397 1904; x_wconf 63' lang='lat' dir='ltr'>Sc</span> 
     </span>
     <span class='ocr_line' id='line_1_33' title="bbox 171 1918 1396 1971; baseline 0.001 -14"><span class='ocrx_word' id='word_1_264' title='bbox 171 1932 260 1969; x_wconf 87' lang='lat' dir='ltr'>ager</span> <span class='ocrx_word' id='word_1_265' title='bbox 291 1918 452 1957; x_wconf 85' lang='lat' dir='ltr'>vastatur</span> <span class='ocrx_word' id='word_1_266' title='bbox 478 1919 552 1958; x_wconf 20' lang='lat'>&#39;16.</span> <span class='ocrx_word' id='word_1_267' title='bbox 589 1918 752 1967; x_wconf 81' lang='lat' dir='ltr'>Pyrrhus</span> <span class='ocrx_word' id='word_1_268' title='bbox 778 1919 934 1971; x_wconf 80' lang='lat' dir='ltr'>corrigit</span> <span class='ocrx_word' id='word_1_269' title='bbox 967 1931 1091 1958; x_wconf 87' lang='lat' dir='ltr'>mores</span> <span class='ocrx_word' id='word_1_270' title='bbox 1122 1919 1396 1968; x_wconf 70' lang='lat' dir='ltr'>incompositos</span> 
     </span>
     <span class='ocr_line' id='line_1_34' title="bbox 170 1972 1397 2022; baseline -0.004 -10"><span class='ocrx_word' id='word_1_271' title='bbox 170 1973 466 2013; x_wconf 86' lang='lat' dir='ltr'>Tarentinorum</span> <span class='ocrx_word' id='word_1_272' title='bbox 497 1986 558 2011; x_wconf 84' lang='lat'>22.</span> <span class='ocrx_word' id='word_1_273' title='bbox 589 1972 640 2010; x_wconf 88' lang='lat' dir='ltr'>est</span> <span class='ocrx_word' id='word_1_274' title='bbox 662 1973 786 2022; x_wconf 85' lang='lat' dir='ltr'>gravis</span> <span class='ocrx_word' id='word_1_275' title='bbox 809 1972 1047 2020; x_wconf 82' lang='lat' dir='ltr'>Tarentinis,</span> <span class='ocrx_word' id='word_1_276' title='bbox 1073 1985 1283 2021; x_wconf 80' lang='lat' dir='ltr'>eorumque</span> <span class='ocrx_word' id='word_1_277' title='bbox 1305 1986 1397 2022; x_wconf 72' lang='lat' dir='ltr'>que⁴</span> 
     </span>
     <span class='ocr_line' id='line_1_35' title="bbox 172 2025 1399 2079; baseline 0.001 -15"><span class='ocrx_word' id='word_1_278' title='bbox 172 2027 260 2065; x_wconf 81' lang='lat' dir='ltr'>relae</span> <span class='ocrx_word' id='word_1_279' title='bbox 281 2040 341 2079; x_wconf 82' lang='lat'>23.</span> <span class='ocrx_word' id='word_1_280' title='bbox 366 2026 460 2064; x_wconf 88' lang='lat' dir='ltr'>nihil</span> <span class='ocrx_word' id='word_1_281' title='bbox 483 2025 689 2075; x_wconf 84' lang='lat' dir='ltr'>impetrant</span> <span class='ocrx_word' id='word_1_282' title='bbox 705 2040 724 2065; x_wconf 86' lang='lat' dir='ltr'>a</span> <span class='ocrx_word' id='word_1_283' title='bbox 741 2026 880 2076; x_wconf 84' lang='lat' dir='ltr'>Pyrrho</span> <span class='ocrx_word' id='word_1_284' title='bbox 909 2039 977 2078; x_wconf 81' lang='lat'>13,</span> <span class='ocrx_word' id='word_1_285' title='bbox 1006 2040 1064 2079; x_wconf 91' lang='lat'>50.</span> <span class='ocrx_word' id='word_1_286' title='bbox 1096 2025 1290 2066; x_wconf 88' lang='lat' dir='ltr'>Tarentini</span> <span class='ocrx_word' id='word_1_287' title='bbox 1306 2026 1399 2065; x_wconf 71' lang='lat' dir='ltr'>belli</span> 
     </span>
     <span class='ocr_line' id='line_1_36' title="bbox 171 2079 1399 2132; baseline 0 -14"><span class='ocrx_word' id='word_1_288' title='bbox 171 2079 259 2118; x_wconf 85' lang='lat' dir='ltr'>finis</span> <span class='ocrx_word' id='word_1_289' title='bbox 286 2095 333 2128; x_wconf 91' lang='lat'>14</span> <span class='ocrx_word' id='word_1_290' title='bbox 350 2111 361 2128; x_wconf 89' lang='lat'>‚</span> <span class='ocrx_word' id='word_1_291' title='bbox 387 2093 444 2132; x_wconf 83' lang='lat'>39.</span> <span class='ocrx_word' id='word_1_292' title='bbox 476 2092 607 2118; x_wconf 86' lang='lat' dir='ltr'>eorum</span> <span class='ocrx_word' id='word_1_293' title='bbox 638 2079 833 2118; x_wconf 83' lang='lat' dir='ltr'>calamitas</span> <span class='ocrx_word' id='word_1_294' title='bbox 861 2095 923 2128; x_wconf 86' lang='lat'>44.</span> <span class='ocrx_word' id='word_1_295' title='bbox 949 2082 1160 2130; x_wconf 87' lang='lat' dir='ltr'>puniuntur</span> <span class='ocrx_word' id='word_1_296' title='bbox 1183 2093 1252 2129; x_wconf 88' lang='lat'>15,</span> <span class='ocrx_word' id='word_1_297' title='bbox 1281 2094 1312 2119; x_wconf 87' lang='lat'>1.</span> <span class='ocrx_word' id='word_1_298' title='bbox 1333 2084 1399 2118; x_wconf 84' lang='lat' dir='ltr'>de·</span> 
     </span>
     <span class='ocr_line' id='line_1_37' title="bbox 173 2133 1414 2181; baseline -0.001 -10"><span class='ocrx_word' id='word_1_299' title='bbox 173 2133 311 2172; x_wconf 86' lang='lat' dir='ltr'>ficiunt</span> <span class='ocrx_word' id='word_1_300' title='bbox 335 2135 383 2172; x_wconf 85' lang='lat' dir='ltr'>ad</span> <span class='ocrx_word' id='word_1_301' title='bbox 422 2134 556 2173; x_wconf 86' lang='lat' dir='ltr'>Poenos</span> <span class='ocrx_word' id='word_1_302' title='bbox 585 2133 686 2172; x_wconf 90' lang='lat' dir='ltr'>bello</span> <span class='ocrx_word' id='word_1_303' title='bbox 714 2134 968 2173; x_wconf 83' lang='lat' dir='ltr'>Hannibalico</span> <span class='ocrx_word' id='word_1_304' title='bbox 997 2148 1068 2181; x_wconf 84' lang='lat'>22,</span> <span class='ocrx_word' id='word_1_305' title='bbox 1101 2135 1163 2172; x_wconf 89' lang='lat'>61.</span> <span class='ocrx_word' id='word_1_306' title='bbox 1198 2133 1414 2172; x_wconf 75' lang='lat' dir='ltr'>Tarentini-</span> 
     </span>
     <span class='ocr_line' id='line_1_38' title="bbox 172 2186 1400 2239; baseline -0.001 -14"><span class='ocrx_word' id='word_1_307' title='bbox 172 2186 287 2237; x_wconf 82' lang='lat' dir='ltr'>legati</span> <span class='ocrx_word' id='word_1_308' title='bbox 312 2188 360 2225; x_wconf 83' lang='lat' dir='ltr'>ad</span> <span class='ocrx_word' id='word_1_309' title='bbox 389 2186 643 2226; x_wconf 83' lang='lat' dir='ltr'>Hannibalem</span> <span class='ocrx_word' id='word_1_310' title='bbox 675 2203 744 2236; x_wconf 82' lang='lat'>24,</span> <span class='ocrx_word' id='word_1_311' title='bbox 776 2202 833 2239; x_wconf 83' lang='lat'>13.</span> <span class='ocrx_word' id='word_1_312' title='bbox 863 2200 995 2227; x_wconf 87' lang='lat' dir='ltr'>eorum</span> <span class='ocrx_word' id='word_1_313' title='bbox 1021 2187 1170 2226; x_wconf 81' lang='lat' dir='ltr'>obsides</span> <span class='ocrx_word' id='word_1_314' title='bbox 1198 2189 1298 2235; x_wconf 82' lang='lat' dir='ltr'>apud</span> <span class='ocrx_word' id='word_1_315' title='bbox 1325 2188 1400 2226; x_wconf 57' lang='lat' dir='ltr'>Ro„</span> 
     </span>
     <span class='ocr_line' id='line_1_39' title="bbox 173 2240 1401 2290; baseline -0.002 -10"><span class='ocrx_word' id='word_1_316' title='bbox 173 2253 335 2288; x_wconf 79' lang='lat' dir='ltr'>manos,</span> <span class='ocrx_word' id='word_1_317' title='bbox 352 2252 441 2278; x_wconf 89' lang='lat' dir='ltr'>cum</span> <span class='ocrx_word' id='word_1_318' title='bbox 465 2240 641 2290; x_wconf 69' lang='lat' dir='ltr'>fugissent</span> <span class='ocrx_word' id='word_1_319' title='bbox 662 2241 708 2280; x_wconf 86' lang='lat' dir='ltr'>ab</span> <span class='ocrx_word' id='word_1_320' title='bbox 735 2241 845 2288; x_wconf 72' lang='lat' dir='ltr'>urbe,</span> <span class='ocrx_word' id='word_1_321' title='bbox 865 2241 1012 2280; x_wconf 64' lang='lat' dir='ltr'>retracti</span> <span class='ocrx_word' id='word_1_322' title='bbox 1039 2242 1086 2278; x_wconf 90' lang='lat' dir='ltr'>de</span> <span class='ocrx_word' id='word_1_323' title='bbox 1101 2240 1188 2278; x_wconf 80' lang='lat' dir='ltr'>saxo</span> <span class='ocrx_word' id='word_1_324' title='bbox 1213 2241 1401 2288; x_wconf 69' lang='lat' dir='ltr'>dejiciunn</span> 
     </span>
     <span class='ocr_line' id='line_1_40' title="bbox 174 2293 1400 2346; baseline 0 -13"><span class='ocrx_word' id='word_1_325' title='bbox 174 2304 237 2333; x_wconf 85' lang='lat' dir='ltr'>tur</span> <span class='ocrx_word' id='word_1_326' title='bbox 262 2307 337 2346; x_wconf 82' lang='lat'>25,</span> <span class='ocrx_word' id='word_1_327' title='bbox 365 2308 402 2343; x_wconf 88' lang='lat'>7.</span> <span class='ocrx_word' id='word_1_328' title='bbox 433 2294 727 2333; x_wconf 83' lang='lat' dir='ltr'>Tarentinorum</span> <span class='ocrx_word' id='word_1_329' title='bbox 762 2295 926 2333; x_wconf 61' lang='lat' dir='ltr'>defectio</span> <span class='ocrx_word' id='word_1_330' title='bbox 959 2295 981 2333; x_wconf 94' lang='lat'>8</span> <span class='ocrx_word' id='word_1_331' title='bbox 1004 2296 1079 2346; x_wconf 85' lang='lat' dir='ltr'><em>sqq.</em></span> <span class='ocrx_word' id='word_1_332' title='bbox 1111 2306 1243 2331; x_wconf 87' lang='lat' dir='ltr'>eorum</span> <span class='ocrx_word' id='word_1_333' title='bbox 1278 2293 1400 2333; x_wconf 64' lang='lat' dir='ltr'>clanis</span> 
     </span>
     <span class='ocr_line' id='line_1_41' title="bbox 177 2347 1402 2400; baseline -0.001 -13"><span class='ocrx_word' id='word_1_334' title='bbox 177 2349 289 2387; x_wconf 66' lang='lat' dir='ltr'>caedit</span> <span class='ocrx_word' id='word_1_335' title='bbox 308 2349 342 2387; x_wconf 68' lang='grc' dir='ltr'>ἅ</span> <span class='ocrx_word' id='word_1_336' title='bbox 360 2349 498 2397; x_wconf 84' lang='lat' dir='ltr'>mergit</span> <span class='ocrx_word' id='word_1_337' title='bbox 520 2347 670 2386; x_wconf 83' lang='lat' dir='ltr'>claffem</span> <span class='ocrx_word' id='word_1_338' title='bbox 689 2349 798 2387; x_wconf 86' lang='lat' dir='ltr'>Rom.</span> <span class='ocrx_word' id='word_1_339' title='bbox 819 2349 891 2394; x_wconf 78' lang='lat'>26,</span> <span class='ocrx_word' id='word_1_340' title='bbox 908 2361 966 2400; x_wconf 85' lang='lat'>39.</span> <span class='ocrx_word' id='word_1_341' title='bbox 981 2347 1176 2386; x_wconf 82' lang='lat' dir='ltr'>Tarentini</span> <span class='ocrx_word' id='word_1_342' title='bbox 1202 2347 1402 2386; x_wconf 78' lang='lat' dir='ltr'>caeduntut‘</span> 
     </span>
     <span class='ocr_line' id='line_1_42' title="bbox 175 2399 1453 2451; baseline -0.002 -10"><span class='ocrx_word' id='word_1_343' title='bbox 175 2415 197 2441; x_wconf 86' lang='lat' dir='ltr'>a</span> <span class='ocrx_word' id='word_1_344' title='bbox 212 2403 252 2441; x_wconf 91' lang='lat' dir='ltr'>C.</span> <span class='ocrx_word' id='word_1_345' title='bbox 276 2401 392 2440; x_wconf 76' lang='lat' dir='ltr'>Persio</span> <span class='ocrx_word' id='word_1_346' title='bbox 406 2432 417 2447; x_wconf 88' lang='lat'><em>‚</em></span> <span class='ocrx_word' id='word_1_347' title='bbox 441 2402 487 2440; x_wconf 86' lang='lat' dir='ltr'>ib.</span> <span class='ocrx_word' id='word_1_348' title='bbox 514 2414 649 2450; x_wconf 87' lang='lat' dir='ltr'>pacem</span> <span class='ocrx_word' id='word_1_349' title='bbox 668 2410 803 2451; x_wconf 87' lang='lat' dir='ltr'>petunt</span> <span class='ocrx_word' id='word_1_350' title='bbox 825 2414 846 2439; x_wconf 86' lang='lat' dir='ltr'>a</span> <span class='ocrx_word' id='word_1_351' title='bbox 863 2402 972 2441; x_wconf 82' lang='lat' dir='ltr'>Rom.</span> <span class='ocrx_word' id='word_1_352' title='bbox 990 2413 1077 2439; x_wconf 86' lang='lat' dir='ltr'>cum</span> <span class='ocrx_word' id='word_1_353' title='bbox 1095 2399 1272 2437; x_wconf 60' lang='lat' dir='ltr'>libertate</span> <span class='ocrx_word' id='word_1_354' title='bbox 1293 2412 1335 2437; x_wconf 71' lang='lat' dir='ltr'>ac</span> <span class='ocrx_word' id='word_1_355' title='bbox 1350 2400 1402 2438; x_wconf 82' lang='lat' dir='ltr'>le-</span> <span class='ocrx_word' id='word_1_356' title='bbox 1448 2440 1453 2443; x_wconf 66' lang='lat'>,</span> 
     </span>
     <span class='ocr_line' id='line_1_43' title="bbox 176 2453 1401 2509; baseline -0.002 -13"><span class='ocrx_word' id='word_1_357' title='bbox 176 2456 285 2507; x_wconf 82' lang='lat' dir='ltr'>gibus</span> <span class='ocrx_word' id='word_1_358' title='bbox 311 2455 383 2493; x_wconf 74' lang='lat' dir='ltr'>suis·</span> <span class='ocrx_word' id='word_1_359' title='bbox 410 2469 485 2505; x_wconf 78' lang='lat'>27,</span> <span class='ocrx_word' id='word_1_360' title='bbox 510 2468 553 2493; x_wconf 88' lang='lat'>21</span> <span class='ocrx_word' id='word_1_361' title='bbox 586 2454 620 2490; x_wconf 63' lang='grc' dir='ltr'>δ’</span> <span class='ocrx_word' id='word_1_362' title='bbox 647 2469 706 2509; x_wconf 85' lang='lat'>25.</span> <span class='ocrx_word' id='word_1_363' title='bbox 732 2455 933 2496; x_wconf 86' lang='lat' dir='ltr'>Tarentini</span> <span class='ocrx_word' id='word_1_364' title='bbox 951 2455 1096 2504; x_wconf 85' lang='lat' dir='ltr'>equites</span> <span class='ocrx_word' id='word_1_365' title='bbox 1125 2466 1166 2502; x_wconf 58' lang='lat'>¹35</span> <span class='ocrx_word' id='word_1_366' title='bbox 1187 2482 1198 2499; x_wconf 78' lang='lat'>,</span> <span class='ocrx_word' id='word_1_367' title='bbox 1223 2453 1273 2493; x_wconf 85' lang='lat'>28</span> <span class='ocrx_word' id='word_1_368' title='bbox 1291 2455 1401 2508; x_wconf 68' lang='lat'><strong>6³29,</strong></span> 
     </span>
    </p>
   </div>
   <div class='ocr_carea' id='block_1_3' title="bbox 188 2507 1219 2562">
    <p class='ocr_par' dir='ltr' id='par_1_3' title="bbox 188 2507 1219 2562">
     <span class='ocr_line' id='line_1_44' title="bbox 188 2507 1219 2562; baseline -0.005 -3"><span class='ocrx_word' id='word_1_369' title='bbox 188 2515 240 2562; x_wconf 89' lang='lat' dir='ltr'>T.</span> <span class='ocrx_word' id='word_1_370' title='bbox 268 2514 361 2562; x_wconf 63' lang='lat' dir='ltr'>Liv.</span> <span class='ocrx_word' id='word_1_371' title='bbox 398 2514 494 2559; x_wconf 77' lang='lat' dir='ltr'><em>Vol.</em></span> <span class='ocrx_word' id='word_1_372' title='bbox 514 2513 658 2558; x_wconf 80' lang='lat' dir='ltr'><em>XIII.</em></span> <span class='ocrx_word' id='word_1_373' title='bbox 1112 2508 1162 2556; x_wconf 88' lang='lat' dir='ltr'>D</span> <span class='ocrx_word' id='word_1_374' title='bbox 1191 2507 1219 2553; x_wconf 82' lang='lat' dir='ltr'>d</span> 
     </span>
    </p>
   </div>
  </div>
 </body>
</html>
