1638 2755
1074 32 1199 76 31„

459 112 729 171 iNDEx
778 114 858 161 IN
904 114 960 162 T.
1013 86 1221 163 Livir

259 224 375 273 gatos'
402 221 514 261 Rom.
549 221 586 261 8.
619 229 772 261 centum
816 223 1089 273 quinquaginta
1123 223 1242 262 millia
1284 224 1420 266 habuit
1448 229 1488 267 in

259 276 374 316 armis
392 306 402 324 ‚
427 277 514 316 ibid.
535 276 754 315 dedendum
782 290 870 315 eum
896 278 1077 317 Romanis
1111 277 1238 317 censet
1262 280 1400 320 Hanno
1430 296 1487 322 10.

258 334 469 381 Saguntum
493 331 594 380 capit
622 345 679 379 14.
704 333 784 379 ejus
808 343 1011 381 apparatus
1032 331 1080 369 ad
1106 331 1249 371 bellum
1276 348 1337 372 21.
1360 335 1490 374 translt

260 385 442 433 Iberum,
469 387 503 424 δι
530 385 750 435 Pyrenaeum
777 385 913 423 saltum
941 386 1088 436 superat
1114 399 1172 437 23.
1211 386 1276 426 sibi
1308 388 1490 428 conciliat

261 438 392 479 Gallos
427 453 487 486 24.
513 439 654 487 trajicit
690 437 922 478 Rhodanum
957 453 1017 490 27.
1052 439 1226 479 hortatur
1249 441 1391 482 milites
1428 457 1492 496 30.

260 495 359 544 petit
386 491 518 532 Galliae
549 493 824 531 mediterranea
846 506 904 544 3¹·
935 493 1063 532 transit
1094 493 1207 543 Alpes
1238 508 1296 546 32.
1327 496 1494 546 ingredi.

261 560 323 586 tur
350 546 500 585 ltaliam
529 547 586 597 38.
617 546 870 586 Taurinorum
906 547 1038 586 urbem
1073 559 1266 598 expugnat
1294 563 1354 603 39.
1383 544 1493 590 'Han-

258 600 378 641 nibali
411 609 560 650 quantae
585 601 704 650 copiae
729 600 871 639 fuerint
899 601 935 639 in
961 601 1110 641 Italiam
1142 602 1385 653 transgreffo,
1409 606 1493 644 ibid.

262 656 376 694 rebus
413 654 545 705 prius,
577 668 668 694 mox
701 655 824 693 verbis
865 655 1007 694 milites
1050 655 1222 695 hortatur
1258 672 1308 704 42
1345 658 1380 695 δ’
1414 660 1494 710 sqq.

263 709 453 760 promittit
482 709 554 746 suis
579 708 732 758 praemia
765 721 828 760 45.
867 710 988 750 vincit
1012 710 1207 749 Romanos
1242 713 1288 751 ad
1312 712 1498 752 Ticinum

259 764 322 811 46.
361 772 459 801 mox‘
488 764 535 801 ad
570 763 748 802 Trebiam
779 776 825 814 54
852 763 980 815 &fiqcp
1013 764 1160 803 saucius
1184 766 1334 804 excedit
1366 779 1495 816 pugna

261 818 309 855 ad
333 817 557 866 Emporium
590 829 708 866 prope
731 816 962 856 Placentiam
996 832 1054 872 57.
1090 828 1234 869 pugnat
1259 820 1379 859 rursus
1401 834 1491 860 cum

262 871 493 919 Sempronio
536 884 591 923 59.
627 870 745 908 altero
781 869 895 909 oculo
933 872 1080 922 capitur
1110 887 1181 920 22,
1208 887 1240 912 2.
1266 875 1385 913 vincit
1417 875 1497 914 Ro-

260 938 395 964 manos
425 925 473 963 ad
503 925 767 964 Trasimenum
793 924 918 963 lacum
941 941 965 973 4
987 926 1021 964 δ’
1043 928 1115 978 fiH·
1146 926 1264 966 Italiae
1293 941 1401 978 agros
1434 929 1498 968 de-

260 979 379 1018 vastat
398 992 434 1031 9.
456 991 504 1017 ex
531 979 702 1028 Hirpinis
725 980 763 1016 in
780 980 990 1018 *Samnium
1018 980 1167 1028 tramit,
1197 981 1411 1032 ducemque
1438 982 1498 1022 iti-

260 1033 360 1072 neris
384 1033 500 1083 virgis
533 1032 668 1072 caesum
692 1033 729 1071 in
761 1044 912 1072 crucem
943 1033 1043 1072 ‘tollit
1082 1048 1139 1087 13·
1169 1035 1246 1073 duo
1281 1036 1403 1075 millia
1422 1036 1497 1075 fer-

261 1100 326 1126 me
373 1087 490 1125 boum
528 1087 691 1126 accensis
736 1087 915 1126 cornibus
951 1089 990 1126 in
1030 1100 1181 1127 montes
1222 1091 1391 1129 concitat
1437 1091 1495 1131 16.

263 1144 346 1190 ejus
371 1140 484 1179 dolus
519 1141 567 1179 ad
587 1142 801 1191 augendam
834 1142 1027 1180 dictatoris
1057 1143 1243 1181 invidiam
1273 1157 1332 1196 23.
1353 1144 1401 1183 ad
1418 1157 1496 1182 cer-

262 1204 393 1234 tamen
416 1194 573 1245 prolicit
603 1195 821 1245 magistrum
848 1197 1022 1246 equitum
1049 1197 1110 1235 28.
1137 1198 1218 1245 ejus
1245 1197 1292 1235 de
1319 1199 1368 1248 Q.
1390 1197 1497 1237 Fabii

262 1249 430 1289 Maximi
454 1250 590 1288 virtute
626 1249 885 1289 testimonium
920 1263 978 1301 30.
1014 1251 1202 1289 exercitus
1227 1252 1403 1290 omnium
1435 1264 1500 1291 re-

264 1316 347 1342 :rum
382 1306 539 1351 penuria
567 1303 714 1351 laborat
745 1319 807 1351 40.
836 1303 977 1343 relictis
1014 1304 1163 1352 castris,
1189 1305 1318 1355 fugam
1352 1306 1499 1345 simulat

265 1372 330 1407 41.
356 1361 438 1406 ejus
467 1358 610 1410 inlidiae
639 1358 796 1397 detectae
827 1373 890 1406 42.
919 1360 1000 1407 ejus
1024 1359 1155 1408 inopia
1181 1361 1216 1398 ἃ
1240 1362 1415 1409 anxietas
1436 1375 1500 1414 43.

265 1414 315 1451 ad
347 1412 495 1451 Cannas
525 1416 639 1450 caltra
675 1413 806 1462 ponit,
841 1414 925 1450 thid.
963 1413 1085 1451 aciem
1116 1413 1260 1452 instruit
1287 1413 1349 1462 46.
1379 1415 1499 1453 vincit

266 1466 466 1505 Romanos
498 1479 636 1515 magna
667 1466 778 1505 clade
805 1481 868 1519 49.
909 1465 974 1505 sed
1001 1467 1054 1505 uti
1093 1469 1254 1506 victoria
1291 1467 1411 1507 nescit
1440 1482 1499 1521 51·

265 1520 367 1559 vesci
394 1521 526 1559 docuit
554 1521 778 1571 corporibus
813 1521 992 1560 humanis
1021 1534 1066 1573 23
1085 1552 1096 1570 ‚
1136 1530 1167 1574 ς.
1198 1520 1367 1571 Capuam
1395 1522 1500 1561 venit

265 1590 303 1627 7.
325 1576 426 1624 apud
450 1575 592 1615 Minios
617 1575 765 1615 Celeres
790 1575 996 1614 diversatur
1020 1575 1054 1614 8.
1076 1578 1157 1624 ejus
1184 1577 1223 1614 in
1238 1576 1364 1624 senatu
1386 1576 1498 1617 Cam-

266 1642 369 1680 pano
396 1630 516 1669 oratio
555 1644 610 1671 10.
638 1632 677 1669 in
701 1642 832 1679 agrum
871 1629 1065 1669 Nolanum
1100 1630 1262 1669 traducit
1288 1632 1500 1670 exercitum

272 1697 331 1731 14.
361 1685 566 1724 Nuceriam
600 1686 637 1722 in
667 1684 901 1723 deditionem
929 1684 1068 1732 accipit
1102 1698 1159 1738 15.
1188 1684 1234 1722 ad
1263 1684 1403 1724 Nolam
1421 1685 1500 1722 vin-

266 1739 364 1777 citur
396 1752 417 1777 a
449 1738 634 1778 Marcello
674 1740 731 1778 16.
766 1739 920 1778 Acerras
950 1738 1109 1786 diripit,
1140 1740 1174 1777 δε
1204 1738 1407 1778 Cafllinum
1431 1752 1500 1788 op-

268 1801 416 1842 pugnat
444 1807 488 1841 17
511 1792 545 1829 6²
567 1793 624 1833 18.
656 1795 736 1841 ejus
761 1793 968 1830 exercitum
996 1792 1198 1842 Campanae
1228 1792 1372 1832 deliciae
1394 1806 1502 1831 ener-

267 1856 385 1893 vant,
419 1847 502 1886 ibid.
545 1860 590 1885 ex
620 1847 788 1885 hibernis
822 1847 940 1893 redit,
965 1846 1168 1885 Casilinum
1215 1855 1504 1898 oppugnaturus

275 1914 333 1953 19.
365 1903 444 1949 ejus
479 1902 527 1939 ad
557 1901 777 1950 Philippum
816 1899 928 1949 legati
962 1901 1257 1949 intercipiuntur
1297 1914 1355 1951 34.
1389 1901 1501 1940 Cam·

270 1956 382 2004 panis
416 1967 531 2001 opem
564 1954 706 1993 laturus
744 1954 790 1992 ad
833 1955 970 2003 Hamas
1001 1956 1172 2003 pervenit
1209 1955 1266 2005 36.
1312 1955 1358 1993 ab
1405 1954 1499 1993 obli-

272 2009 393 2046 dione
436 2009 642 2047 Cumarum
692 2007 852 2046 discedit
899 2003 959 2058 3³7.
1001 2019 1089 2046 cum
1130 2009 1296 2046 exercitu
1351 2008 1493 2048 Nolam

269 2072 559 2111 oppugnaturus
598 2062 748 2100 accedit
784 2058 1029 2112 43.,Nola1fl
1069 2072 1270 2111 oppugnat
1312 2077 1374 2111 44.
1417 2064 1501 2111 ejus

270 2117 414 2164 equites
451 2115 555 2153 mille
592 2116 743 2154 ducenti
784 2116 1019 2165 septuaginta
1062 2116 1139 2153 duo
1182 2117 1230 2154 ad
1266 2114 1501 2155 Marcellum

271 2169 532 2219 transfugiunt
555 2171 617 2218 46.
661 2168 837 2208 Puteolos
863 2169 993 2208 frustra
1022 2178 1142 2208 tentat
1171 2184 1243 2218 24,
1276 2171 1331 2220 1'3.
1359 2170 1502 2209 Taren-

269 2233 352 2262 tum
383 2237 448 2273 per
475 2224 736 2272 proditionem
760 2224 860 2273 capit
888 2237 933 2275 25
949 2253 959 2270 ,
978 2223 1000 2261 8
1018 2253 1027 2270 ,
1044 2238 1089 2276 9,
1113 2239 1168 2262 10.
1204 2224 1401 2262 confilium
1419 2226 1501 2274 ejus

272 2277 321 2316 de
337 2277 542 2317 Tarentina
570 2277 681 2316 claffe
709 2280 748 2316 in
773 2286 946 2326 apertum
978 2291 1089 2324 mare·
1111 2278 1319 2316 emittenda
1342 2291 1398 2316 11.
1424 2278 1493 2316 Cn.

273 2331 454 2371 Fulvium
487 2342 687 2381 praetorem
715 2332 837 2370 vincit
864 2332 911 2369 ad
940 2333 1183 2371 Herdoneam
1223 2347 1284 2371 21.
1318 2333 1354 2369 in
1387 2330 1506 2370 Cam-

274 2388 433 2436 paniam
457 2387 658 2424 contendit
689 2387 756 2431 26,
791 2399 823 2434 5.
852 2386 1122 2435 oppugnandae
1150 2387 1283 2425 Roma:
1302 2384 1501 2423 consilium

274 2440 378 2492 capit
398 2455 435 2493 7.
469 2441 539 2480 tria
567 2439 687 2480 millia
725 2440 901 2491 passuum
925 2440 973 2479 ab
1005 2440 1126 2480 Roma
1157 2441 1272 2479 castra
1298 2438 1404 2478 locat
1443 2453 1501 2478 10.
