1638 2755
267 150 860 202 HISTORIARUM
907 148 1218 197 LIBROS.

148 258 281 310 populi
306 258 468 298 Romani
495 256 604 307 praeit
631 255 773 300 verba,
803 252 940 302 quibus
964 251 1002 291 se
1030 253 1068 292 P.
1091 253 1233 293 Decius
1261 251 1387 293 devo-t

148 323 238 352 veat
268 313 319 360 8,
343 327 379 365 9.
414 313 489 349 vid.
519 311 553 349 δ’
587 323 659 354 10,
696 308 756 348 28.
787 306 991 356 pontifices
1018 308 1186 345 minores
1217 320 1288 353 22,
1318 319 1376 359 57⁴,

150 376 314 417 quatuor
330 368 377 405 de
399 365 512 416 plebe
532 363 656 402 allecti
678 361 787 408 10,6
803 360 837 397 6³
861 375 897 413 9.
921 360 1066 398 habent
1086 362 1145 408 jus
1173 368 1271 409 togae
1287 374 1382 410 prte-

149 430 266 460 textae
299 434 343 473 33
362 449 372 467 ,
399 435 461 467 42.
489 417 720 468 pontificum
747 414 954 463 collegium
991 415 1038 452 de
1067 413 1250 463 religione
1288 421 1383 452 corr³

149 474 298 521 sulitur,
317 476 351 513 ἅ
370 474 542 512 decernit
564 484 625 517 22,
638 483 674 523 9.
698 481 759 520 30,
777 483 810 507 2.
832 483 895 521 31,
910 483 946 521 9.
969 478 1031 520 32,
1053 480 1081 505 1.
1099 480 1161 519 39,
1181 480 1212 517 5.
1227 467 1382 517 pontifi-

153 540 240 567 cum
269 526 539 567 commentarii
562 540 611 572 4,
644 536 677 574 3.
702 524 748 570 6,
774 536 806 561 1.
831 535 852 560 a
883 519 1132 572 pontificibus
1162 520 1380 570 suppressa,

151 595 235 632 quae
261 582 309 620 ad
331 580 553 630 religionem
581 576 825 627 pertinebant
851 577 895 624 6,
931 589 963 614 1.
988 577 1024 614 δε
1050 575 1100 614 ad
1118 574 1232 613 civile
1254 576 1314 623 jus
1333 589 1383 625 9,

149 637 214 685 46.
238 648 259 674 a
284 634 527 685 pontificibus
555 634 591 671 ἃ
619 630 826 679 auguribus
854 628 1061 677 tributum,
1083 628 1188 678 quod
1212 641 1279 678 per
1301 627 1385 668 bel-

151 689 233 728 lum
259 702 337 728 non
362 686 624 732 contulerant,
652 684 817 734 exigitur
846 695 914 734 33,
937 697 1000 731 42.

99 741 351 793 Pontificatum
377 741 587 780 maximum
617 738 684 778 soli
710 739 873 777 retinent
899 737 1146 786 imperatores
1172 749 1268 786 104,
1296 734 1389 776 106.⁴

95 797 406 846 Pontificium«jus
428 810 500 844 40,
525 809 585 847 29.

99 853 141 890 T.
162 851 406 901 Pontificius,
434 849 520 887 trib.
548 847 599 897 pl.
628 850 760 885 auctor
787 845 882 894 legis
906 843 1057 893 agrariae
1080 856 1126 888 2,
1152 855 1218 890 44.

100 906 137 941 C.
161 903 376 948 Potuimus,
401 913 561 951 praetor,
591 900 737 940 insidiis
762 899 907 948 excipit
941 898 1163 945 conjuratos
1191 908 1285 943 102,
1319 907 1382 949 930

155 955 203 994 de
233 955 504 1004 Allobrogibus
528 951 743 1001 triumphat
770 952 867 996 106,
895 963 952 989 11.

97 1009 147 1058 Q.
170 1009 364 1048 Pontinius
392 1011 514 1046 vinert
537 1007 759 1054 Allobroges
790 1017 885 1055 103,
915 1014 1085 1055 37—39.

98 1062 252 1100 Pontius
283 1063 445 1115 Aquila,
475 1061 559 1099 trib.
584 1059 637 1110 pl.
667 1057 920 1108 triumphanti
956 1057 1088 1096 Caesari
1116 1068 1193 1095 non
1225 1054 1385 1106 assurgit

156 1118 254 1163 116,
287 1130 343 1154 11.
371 1118 418 1155 de
445 1129 491 1153 eo
522 1113 677 1153 Caesaris
701 1113 874 1159 dictum,
895 1113 979 1150 ibid.
1008 1113 1186 1160 conjurat
1212 1123 1301 1148 cum
1330 1109 1388 1148 so-

153 1171 222 1209 ciis
244 1182 375 1207 contra
404 1170 588 1208 Caesarem
616 1182 678 1216 42.
716 1166 862 1217 legatus
888 1165 1020 1212 Bruti,
1048 1164 1230 1204 Plancum
1257 1164 1397 1215 expel-

155 1222 200 1261 lit
225 1222 409 1262 Pollentia
436 1223 506 1262 118
523 1253 534 1271 ,
558 1235 618 1271 27.
646 1221 749 1259 cadit
774 1222 812 1258 in
837 1222 876 1259 in
900 1217 1037 1268 proelio
1063 1232 1161 1270 119,
1193 1218 1253 1258 16.
1332 1267 1336 1270 ι

100 1278 255 1315 Pontius
282 1278 475 1328 Telefinus,
502 1290 522 1315 a
551 1274 822 1315 rebellantibus
845 1272 1080 1314 Samnitibus
1113 1280 1250 1321 praetor
1279 1284 1391 1317 crea--v

156 1342 218 1368 tur
240 1345 314 1380 72,
336 1346 375 1383 9.

100 1384 252 1422 Pontius
280 1385 459 1423 Cominius
475 1415 486 1432 ,
508 1383 694 1422 incubans
717 1382 880 1428 cortici,
904 1380 1073 1419 secundo
1097 1379 1230 1419 Tiberi
1261 1379 1310 1418 ad
1328 1390 1390 1417 ur-

155 1439 244 1477 bem
271 1439 458 1487 defertur,
479 1440 513 1477 &
543 1439 584 1476 in
609 1435 865 1486 Capitolium,
890 1433 1079 1473 obsessum
1101 1447 1122 1473 a
1142 1432 1282 1481 Gallis,
1303 1446 1392 1472 eva-

157 1493 215 1530 dit
245 1506 288 1545 ς,
313 1493 376 1542 46.

103 1548 139 1587 C,
157 1547 311 1583 Pontius
329 1545 556 1593 Herennius,
573 1543 746 1590 Samnis,
766 1543 916 1592 capitur
932 1542 971 1580 in
1001 1553 1129 1592 pugna
1157 1554 1198 1579 11
1217 1571 1229 1588 ,
1250 1555 1287 1594 9.
1316 1541 1386 1581 du-

157 1601 237 1639 <stus
264 1601 303 1638 in
323 1600 519 1650 triumpho
549 1600 761 1649 percutitur
783 1597 901 1635 securi
927 1596 985 1635 18.

105 1656 142 1695 C.
159 1654 335 1701 Pontius,
362 1655 546 1694 Her-ennii
566 1653 689 1700 filius,
705 1653 912 1701 imperator
937 1649 1166 1689 Samnitium
1182 1662 1229 1701 9,
1250 1662 1280 1689 1.
1304 1651 1391 1696 ejus

157 1709 206 1746 ad
225 1709 413 1747 Samnites
437 1708 557 1746 oratio
574 1739 586 1756 ‚
611 1709 694 1746 ibid.
720 1705 855 1744 fraude
877 1705 982 1754 capit
1007 1703 1054 1742 ad
1077 1702 1258 1742 Furculas
1289 1703 1388 1741 Cau-

158 1762 268 1800 dinas
298 1762 562 1802 Romanorum
598 1760 808 1800 exercitum
838 1773 859 1797 2
885 1760 920 1797 δ’
939 1761 1018 1811 fiJq.
1051 1758 1131 1805 ejus
1160 1757 1209 1795 ad
1239 1757 1388 1807 legatos

157 1815 271 1854 Rom.
288 1815 475 1866 responsio
496 1831 532 1864 4.
557 1817 592 1854 ἃ
609 1815 656 1854 ad
682 1813 856 1853 fecialem
877 1813 985 1852 Rom.
1013 1813 1136 1850 oratio
1163 1825 1221 1849 11.
1244 1811 1283 1849 in
1307 1811 1391 1859 qui-

160 1869 320 1920 busdam
345 1868 546 1908 annalibus
561 1879 695 1920 captus
713 1882 735 1907 a
758 1868 944 1907 Romanis
970 1867 1006 1905 &
1020 1864 1238 1914 subjugum
1257 1864 1389 1903 miisus

157 1922 232 1961 effe
253 1934 487 1963 memoratur
518 1938 573 1977 15·

107 1979 148 2016 C.
175 1977 378 2027 Popillius,
405 1991 540 2028 eques,
556 1977 618 2016 cui
643 1975 796 2017 Sabello
815 1987 960 2015 nomen
978 2005 990 2022 ,
1015 1973 1172 2024 ejusque
1201 1972 1389 2013 fortitudo

158 2031 311 2080 inlignis
340 2046 385 2080 41
406 2063 416 2079 ,
445 2033 483 2071 8.

107 2084 148 2122 C.
179 2084 357 2136 Popillius
375 2087 500 2124 Laenas
523 2093 672 2124 creatur
694 2092 830 2135 praetor
855 2097 900 2131 41
916 2112 926 2130 ‚
960 2097 1019 2121 22.
1049 2081 1123 2121 cos.
1153 2096 1224 2130 42,
1249 2095 1284 2133 9.
1305 2083 1389 2128 ejus

159 2138 427 2178 contentiones
453 2152 542 2178 cum
566 2139 696 2178 senatu
722 2152 790 2189 pro
822 2137 938 2176 fratre
969 2149 1016 2175 10
1039 2137 1074 2176 6³
1101 2150 1162 2174 21.
1191 2134 1288 2173 nihil
1313 2148 1391 2173 me*

158 2190 347 2229 motabile
385 2193 481 2242 gerit
524 2193 586 2232 26.
624 2192 724 2231 male
759 2192 946 2241 excipitur
975 2191 1105 2229 Romae
1137 2189 1199 2228 28.
1243 2188 1393 2238 legatus

158 2245 323 2282 mittitur
348 2245 386 2283 in
411 2247 595 2285 Graeciam
611 2259 687 2298 43,
716 2260 761 2298 19
782 2246 816 2283 6³
834 2261 894 2293 24.
917 2245 964 2283 ad
986 2243 1220 2283 Antiochum
1243 2245 1278 2281 Sc
1303 2242 1394 2280 Pto-

159 2297 337 2337 lemaeum
357 2313 431 2347 44,
458 2313 515 2351 19.
541 2299 679 2338 Delum
700 2300 805 2338 venit
829 2313 886 2352 29.
915 2301 998 2346 ejus
1023 2299 1062 2335 in
1087 2296 1264 2336 Rhodios
1286 2295 1392 2345 aspee

158 2353 247 2391 ritas
272 2367 348 2405 45,
375 2366 433 2391 1o.
462 2353 626 2391 occurrit
653 2352 866 2397 Antiocho,
896 2351 1161 2390 Alexandriam
1191 2350 1298 2387 eunti
1332 2363 1393 2388 12⁹

158 2407 435 2445 circumscribit
469 2406 705 2447 Antiochum
731 2407 858 2457 virga,
892 2406 975 2445 ibid,
1012 2406 1111 2444 redit
1136 2405 1298 2443 Romam
1334 2415 1393 2455 ¹3¹

159 2459 235 2500 cos.
261 2462 397 2502 iteruin
424 2475 494 2514 47,
517 2474 554 2513 3,
1028 2512 1070 2558 Y

1035 2555 1048 2558 -
1104 2528 1128 2559 2
