1638 2755
459 122 728 174 INDEX
771 126 854 173 IN
904 126 962 174 T.
1005 127 1217 174 L1·v·11

247 235 301 274 est
329 246 472 273 nomen
488 265 500 282 ‚
524 234 565 273 in
591 247 639 272 aes
660 233 809 280 incisae,
835 236 869 273 δι’
887 234 926 272 in
944 233 1102 283 publico
1127 233 1391 288 propositae3,
1415 239 1478 287 57,⁴

249 289 460 329 delectibus
479 287 640 327 adversae
659 288 986 337 abrogantun64,
1003 289 1062 340 56.
1085 289 1132 326 de
1150 288 1333 327 dictatore
1350 300 1478 327 crean-

245 344 300 382 do
326 357 371 389 2,
403 342 461 381 18.
483 342 596 381 Didia
624 341 828 381 summaria
853 355 920 393 53,
947 357 1008 390 24.
1044 341 1214 381 Domitia
1233 342 1280 380 de
1306 340 1479 381 sacerdo-

247 397 312 436 tiis
340 397 410 445 67,
434 396 471 435 6.
499 396 602 435 Drusi
626 397 768 445 agraria
796 398 829 435 &
855 396 1105 435 frumentaria
1128 409 1176 445 71
1194 426 1204 441 ,
1237 409 1295 444 14.
1327 409 1387 436 20.
1413 409 1476 437 21..

200 456 212 497 s
249 450 456 490 duodecim
481 449 693 489 tabularum
720 450 768 496 6,
808 463 839 488 1.
869 464 916 499 7,
951 463 1007 499 17.
1029 463 1077 502 9,
1106 462 1168 501 34.
1194 449 1360 490 Falcidia
1383 464 1480 499 127,

250 505 314 545 28.
342 504 481 543 Fannia
507 505 581 552 46,
617 503 675 555 33.
713 502 788 551 64,
819 517 862 555 53
885 503 919 541 Ee
952 518 1008 557 54.
1037 503 1178 547 flavii.
1210 514 1250 541 ut
1275 503 1314 542 in
1336 502 1482 544 Tuscu-

249 556 363 599 Ianos
388 559 713 597 animadvertatur
739 557 761 595 8
779 589 791 604 ‚
818 570 875 607 37.
909 557 1061 597 Gabinii
1089 556 1287 596 tabellaria
1321 570 1392 605 54,
1418 570 1478 607 31.

250 613 301 651 de
327 613 428 651 bello
449 614 607 662 piratico
630 625 702 663 99,
732 611 768 649 8.
795 611 958 650 Gracchi
983 611 1181 660 judiciaria
1206 627 1281 660 44,
1297 612 1357 651 66.
1378 623 1486 660 agra·

250 668 307 706 ria
324 668 397 712 60„
422 682 485 715 44.
512 664 762 714 Hannibalis,
789 675 831 703 ut
853 665 890 703 in
920 664 1083 715 fingulos
1106 678 1226 703 annos
1254 665 1403 713 judicos
1428 663 1479 703 le-

252 730 392 770 gantur
417 722 488 767 16,
513 736 548 768 4.
574 720 731 759 Horatia
756 733 794 770 3,
823 732 880 771 55.
911 719 1132 766 Hortensia,
1155 728 1219 765 ut,
1241 719 1343 768 quod
1374 717 1485 768 plebs

250 773 431 824 juffiffet,
447 774 614 822 Quirites
630 782 920 814 omnesteneret
943 787 1002 822 11,
1024 788 1084 824 27.
1101 772 1205 812 Icilia
1223 773 1271 811 de
1291 772 1478 811 Aventino
1500 784 1503 793 ³

255 843 294 883 3,
316 841 373 879 32.
398 828 597 877 judiciaria
624 841 700 873 71,
721 840 779 865 21.
811 840 902 878 105.
927 841 987 878 23.
1010 829 1141 876 jugera
1166 827 1244 875 agri
1271 826 1483 876 quingenta.

254 895 305 922 ne
330 883 411 930 quis
437 881 520 932 plus
549 881 818 931 possideret7,
843 882 898 920 16.
924 880 1025 929 julia
1052 883 1098 920 de
1115 881 1348 930 recipiendis
1371 882 1409 918 in
1431 881 1484 918 ci-

256 938 417 975 vitatem
450 935 678 988 quibusdam
710 934 817 973 sociis
841 950 916 985 74,
943 935 979 973 8.
1007 936 1054 974 (16
1085 935 1306 973 maritandis
1333 935 1483 973 ordini-

255 989 331 1031 bus
362 992 456 1043 136,
481 1005 544 1038 42.
569 989 675 1037 Junii
705 989 819 1028 Penni
855 989 901 1026 de
930 990 1134 1039 peregrinis
1167 988 1258 1028 urbe
1295 988 1481 1038 pellendis:

255 1044 335 1090 60,
361 1059 398 1098 9.
431 1045 573 1084 Licinia
590 1075 600 1090 ‚
623 1044 671 1081 (16
695 1043 850 1082 consule
871 1056 915 1081 ex
945 1044 1055 1091 plebe
1081 1043 1246 1082 creando
1262 1057 1287 1092 7
1303 1072 1314 1088 ,
1344 1056 1407 1090 21,
1432 1057 1481 1081 22

258 1098 296 1134 δ’
325 1113 384 1146 25.
414 1099 461 1137 de
488 1097 750 1137 sacerdotibus
773 1097 948 1135 creandis
983 1111 1052 1149 52,
1076 1112 1138 1149 37.
1166 1098 1214 1135 de
1235 1109 1325 1146 agro
1355 1095 1483 1145 publi-

257 1163 306 1190 co
335 1152 402 1201 58,
423 1154 459 1192 6.
485 1151 688 1190 sumtuaria
703 1152 776 1200 64,
796 1164 853 1203 52.
885 1151 1026 1190 Licinia
1050 1151 1203 1197 Sextia,
1231 1151 1278 1189 de
1301 1162 1372 1188 aere
1391 1149 1487 1188 alie-

258 1219 311 1245 no
326 1238 335 1252 ,
351 1208 398 1245 (16
418 1207 536 1245 modo
562 1218 739 1257 agrorum
755 1237 764 1252 ,
792 1206 838 1243 de
863 1204 1061 1244 consulatu
1080 1204 1233 1255 plebejo
1249 1205 1294 1253 6,
1308 1218 1370 1256 35.
1392 1204 1488 1243 Mae-

257 1263 323 1301 :nia
346 1275 385 1299 11
402 1292 411 1307 ,
436 1262 496 1299 18.
517 1261 748 1309 magistratus
769 1260 908 1308 plebe-ii
933 1273 980 1297 ne
1006 1271 1158 1307 pateant
1182 1259 1338 1308 patricio
1354 1273 1401 1307 4,
1421 1269 1484 1310 25.

258 1316 311 1354 de
333 1315 527 1361 maiestate
542 1347 551 1359 ,
572 1321 618 1352 au
638 1326 840 1363 utrumque
867 1313 994 1352 sexum
1017 1326 1207 1362 pertinens
1230 1327 1275 1364 19
1290 1343 1300 1359 ,
1317 1327 1378 1361 42.
1400 1311 1488 1351 Ma-

258 1368 352 1408 nilia
373 1369 420 1407 (16
446 1367 631 1408 libertinis
663 1383 757 1411 100.
780 1382 808 1406 1.
843 1368 986 1406 Metelli
1003 1400 1011 1408 ,
1032 1370 1080 1406 (16
1105 1368 1278 1416 portoriis
1300 1367 1487 1416 abrogan-

261 1425 322 1462 dis
349 1436 441 1473 103,
468 1424 529 1472 63.
560 1422 796 1463 Metilia,de
820 1422 1030 1460 fullonibus
1053 1436 1122 1467 20.,
1142 1422 1200 1472 58.
1221 1420 1394 1460 militaris
1417 1421 1483 1466 60,

260 1495 326 1526 44.
351 1478 399 1515 (16
429 1478 658 1515 muletarum
688 1476 934 1515 aestimatione
957 1492 1002 1525 4.
1038 1489 1098 1526 30.
1127 1476 1279 1525 Oppia,
1303 1476 1350 1513 de
1379 1473 1486 1513 cultu

261 1544 521 1570 matronarum
546 1546 619 1584 34,
640 1545 671 1570 1.
695 1532 898 1580 abrogatur
911 1530 946 1568 8.
974 1529 1087 1569 Orcia
1112 1532 1181 1578 46,
1201 1531 1262 1582 36.
1288 1529 1419 1577 Papia,
1436 1528 1486 1566 de

263 1587 476 1637 peregrinis
493 1586 589 1624 urbe
603 1585 874 1624 submovendis
896 1598 968 1625 102
983 1614 994 1630 ,
1022 1598 1080 1633 17.
1101 1584 1265 1633 Papiria,
1288 1596 1360 1632 qua
1376 1585 1488 1621 Acer-

263 1641 364 1680 1anis
389 1641 520 1678 civitas
546 1640 620 1677 sine
641 1638 817 1686 suffragio
847 1640 957 1676 datur
980 1639 1027 1684 8,
1054 1652 1111 1688 17.
1144 1638 1193 1676 de
1224 1635 1487 1686 perduellione

268 1707 285 1733 1
304 1725 314 1740 ‚
337 1694 384 1733 26
411 1695 458 1733 de
479 1695 681 1734 triumviris
707 1692 934 1743 capitalibus
960 1706 1002 1732 11
1023 1723 1033 1737 ,
1056 1705 1116 1741 23.
1145 1692 1256 1731 Pedia
1279 1693 1317 1728 in
1339 1688 1489 1740 percus-

263 1746 369 1796 {ores
392 1747 544 1788 Caesaris
566 1762 659 1795 120,
681 1762 711 1800 3.
737 1747 877 1787 Petillia
905 1762 977 1801 37,
1001 1759 1059 1794 54.
1086 1756 1126 1784 ut
1143 1745 1337 1796 plebiscita
1354 1755 1488 1783 omnes

266 1800 436 1851 Quirites
459 1812 635 1840 tenerent
669 1817 715 1856 3,
746 1815 804 1854 55.
834 1801 880 1848 8,
908 1815 964 1839 12.
995 1799 1133 1839 Pisonis
1160 1801 1208 1839 (16
1235 1800 1380 1839 ambitu
1413 1811 1489 1852 99,

270 1869 329 1908 39.
345 1855 489 1896 Plautia
506 1886 517 1903 ‚
544 1857 592 1894 de
610 1857 642 1894 vi
667 1856 821 1906 publica
838 1857 872 1894 &
897 1856 945 1893 de
960 1855 1115 1902 judiciis
1134 1869 1209 1901 74,
1231 1870 1292 1901 44.
1321 1854 1368 1892 (16
1393 1852 1490 1891 civi-

264 1919 346 1948 tate
371 1910 479 1949 sociis
513 1910 638 1948 danda
661 1925 738 1958 74,
768 1922 824 1960 53.
854 1921 921 1958 per
944 1908 1114 1946 censores
1139 1908 1284 1947 tollitur
1312 1921 1369 1959 55.
1404 1905 1487 1956 ple-

267 1963 366 2012 bejae
398 1979 446 2016 3,
479 1977 535 2015 32.
565 1964 758 2014 Pompeji,
780 1963 828 2000 de
856 1963 892 2000 vi
919 1964 951 2000 ἃ
980 1962 1126 2000 ambitu
1156 1976 1251 2013 107,
1281 1975 1341 2015 31.
1367 1960 1489 1999 Poete-

268 2016 345 2064 lia,
376 2018 424 2056 (16
448 2017 629 2055 nundinis
658 2020 692 2057 8(
726 2015 993 2056 conciliabulis
1022 2016 1210 2054 obeundis
1234 2029 1284 2063 7,
1312 2026 1369 2067 15.
1398 2012 1486 2053 Por-

208 2076 211 2081 '
267 2072 352 2117 cia,
370 2084 440 2121 pro
461 2081 566 2121 tergo
594 2072 732 2109 civium
763 2085 834 2116 10,
862 2084 897 2122 9.
928 2070 976 2107 de
1005 2070 1180 2120 portoriis
1207 2070 1280 2115 60,
1305 2084 1367 2117 44.
1395 2079 1490 2119 103,

270 2126 335 2178 63.
362 2126 411 2165 (16
426 2126 698 2174 provocatione
725 2140 768 2170 2,
789 2124 824 2162 8.
852 2139 898 2177 3,
920 2138 976 2175 55.
1011 2138 1079 2170 10,
1102 2137 1137 2175 9.
1165 2122 1312 2172 semper
1335 2135 1355 2160 a
1380 2122 1491 2160 fami-

267 2178 323 2219 lia
343 2181 479 2218 eadem
497 2179 693 2225 lata,ibid.
712 2178 846 2219 Roscia
860 2177 1051 2216 theatralis
1074 2191 1148 2230 99,
1165 2190 1195 2228 3.
1217 2176 1319 2217 Rulli
1346 2175 1489 2226 agraria

275 2246 367 2281 102,
382 2246 439 2286 39.
465 2232 623 2283 Rupiliae
645 2247 705 2286 59,
723 2247 784 2283 47.
805 2232 854 2270 de
870 2230 1085 2270 sacerdotiis
1106 2230 1170 2279 67,
1190 2231 1248 2283 56.
1270 2230 1488 2276 sacrata‚in

270 2286 377 2337 sacro
395 2296 527 2326 monte
548 2286 625 2325 lata
641 2301 683 2334 2,
711 2300 770 2338 33.
789 2285 869 2324 aliae
890 2286 1038 2324 sacratae
1054 2284 1155 2335 leges
1177 2297 1214 2336 3,
1235 2297 1292 2336 32.
1314 2300 1353 2332 4,
1372 2284 1431 2322 26.
1447 2297 1487 2331 7,

273 2354 389 2393 41.’9,
410 2355 467 2394 39.
490 2340 629 2394 36,38.
652 2354 718 2392 39,
739 2354 771 2393 5.
797 2352 857 2392 53,
881 2354 940 2388 24.
964 2341 1034 2388 64,
1061 2353 1119 2390 52.
1138 2338 1290 2379 Salonia
1313 2339 1360 2376 de
1381 2335 1491 2374 testa-

273 2396 415 2435 mentis
446 2409 538 2440 120,
566 2407 648 2447 103.
671 2394 839 2434 Scatinia
863 2393 937 2442 84,
966 2408 996 2432 1.
1025 2393 1174 2432 senator
1198 2405 1245 2431 ne
1268 2393 1379 2441 quis,
1407 2390 1489 2439 qui-

273 2461 321 2493 ve
346 2449 524 2494 senatoris
543 2458 651 2501 pater
675 2448 825 2499 fuisset,
843 2448 1076 2488 maritimam
1097 2458 1260 2495 navem,
1283 2457 1365 2497 quae
1383 2443 1491 2497 plus.
