1638 2755
410 118 682 166 INDEX
730 119 811 166 IN
863 118 920 166 T.
970 121 1178 167 L1V11

158 228 328 270 Ficulnea
352 234 464 266 vetus
488 239 511 267 a
534 226 743 277 Tarquinio
770 226 893 266 Prisco
928 234 1040 277 capta
1070 240 1111 275 1,
1141 226 1201 279 38.

157 283 377 333 Ficulnenfis
406 282 488 328 via,
514 292 598 331 quae
620 281 748 331 postea
773 281 1022 322 Nomentana
1052 295 1098 334 3,
1137 293 1195 333 52.

158 337 266 376 „Ficus
289 334 502 375 Ruminalis
538 349 582 383 1,
618 350 656 384 4.
683 335 732 373 ad
764 348 849 374 eam
881 335 1078 376 fimulacra
1109 334 1336 384 infantium,
1363 343 1458 376 con-3

216 390 384 429 ditorum
416 389 541 438 urbis,
566 388 633 428 sub
666 388 844 428 uberibus
877 389 976 440 lupae
1009 389 1126 439 posita
1156 402 1229 437 ιο,
1256 402 1317 441 23.

158 444 261 485 Fidei
297 443 465 482 solemne
490 457 511 482 a
541 444 669 482 Numa
695 443 887 493 Pompilio
924 443 1135 483 institutum
1172 457 1217 493 1,
1242 457 1302 484 21.
1344 444 1456 484 Fidei

212 497 490 536 sacrosanctum
524 509 668 535 nomen
710 511 775 549 19,
805 498 867 537 68.
907 498 947 536 in
976 497 1093 535 fidem
1126 495 1162 536 se
1190 497 1456 547 permittentes

213 564 291 602 quo
312 554 395 600 jure
415 551 560 590 fuerint
580 550 682 601 apud
720 551 917 592 Romanos
951 553 1023 603 36,
1055 550 1116 590 28.

161 609 323 653 fidenae,
353 605 507 644 colonia
547 605 813 653 Romanorum
853 620 866 644 1
887 636 897 652 ,
934 619 995 655 27.
1031 620 1079 653 4,
1109 618 1170 655 17.
1197 605 1381 645 deficiunt
1407 606 1458 645 ad

215 660 418 708 Vejentes‚
443 660 530 698 ibid.
562 661 763 709 capiuntur
786 674 833 707 4,
863 673 926 706 22,
947 672 994 712 33
1016 659 1051 696 δ’
1076 671 1134 710 34.

158 715 346 757 Fidenates
375 712 521 753 bellum
544 713 717 752 inferunt
746 713 930 752 Romanis
960 726 972 750 r
990 743 1001 761 ,
1031 727 1089 761 14.
1112 712 1340 761 vincuntur,
1366 714 1452 752 ibid.

212 767 378 807 alterum
403 779 494 806 cum
521 767 709 806 Romanis
743 765 889 807 bellum
916 780 978 816 27.
1018 768 1247 815 vincuntur,
1270 769 1352 806 ibid.
1387 766 1458 806 ob-

212 822 382 860 fidentur
425 837 474 867 2,
506 835 566 873 19.
605 820 793 859 occidunt
822 820 967 871 legatos
1005 820 1267 860 Romanorum
1306 836 1354 869 4,
1395 835 1454 871 17.

211 875 485 926 populabundi
517 874 756 914 descendunt
784 875 823 912 in
861 887 994 925 agrum
1032 875 1251 914 Romanurn
1281 888 1342 914 21.
1376 876 1456 913 vin⁰

215 938 377 977 cuntur,
411 928 598 979 multique
625 929 691 967 sub
725 941 869 968 corona
902 929 1186 968 venumdamur
1213 943 1284 983 33,
1316 945 1378 983 34.

155 984 222 1025 M.
255 985 431 1036 Fidustius
456 983 514 1022 bis
542 982 776 1033 proscriptus
803 982 999 1022 occiditur
1030 996 1125 1029 120,
1152 982 1216 1023 82.

159 1040 204 1077 L.
234 1038 386 1092 Figulus
412 1036 565 1076 claffem
597 1038 701 1087 cogit
729 1050 798 1087 pro
828 1036 1034 1076 Dolabella
1075 1050 1175 1090 119,
1200 1051 1239 1083 4.

159 1092 306 1138 filius,
334 1093 444 1140 cujus
475 1102 585 1141 pater
615 1093 656 1129 in
690 1091 873 1141 potestate
899 1091 1090 1139 hostium,
1119 1091 1295 1130 tribunus
1319 1088 1373 1139 pl.
1396 1096 1461 1130 aut

218 1146 335 1185 aedilis
361 1145 435 1184 effe
461 1158 538 1183 non
573 1145 695 1194 potest
716 1160 788 1194 27,
816 1159 877 1183 21.

164 1203 201 1242 C.
218 1202 396 1247 Fanbria,
422 1198 701 1238 crudelillimus
730 1199 861 1238 Cinnae
892 1198 1066 1244 satelles,
1093 1197 1238 1237 occidit
1266 1197 1305 1237 L.
1342 1195 1463 1236 Caesa-

213 1268 295 1293 rem
320 1254 397 1300 80,
423 1267 486 1301 40.
521 1253 623 1292 diem
650 1253 744 1292 dicit
774 1253 952 1294 Seaevolae
980 1252 1204 1299 vulnerato,
1235 1254 1269 1291 <Sc
1298 1264 1346 1290 ex
1373 1250 1458 1289 vul..

215 1321 308 1347 nere
326 1321 407 1347 non
430 1314 582 1346 mortuo
608 1307 671 1355 48.
694 1320 785 1346 cum
812 1307 962 1346 Valerio
988 1306 1126 1346 Flacco
1154 1305 1229 1345 cos.
1256 1305 1402 1355 legatus
1417 1305 1457 1344 in

214 1363 339 1403 Asiam
366 1362 471 1400 venit
498 1362 573 1409 82,
599 1375 658 1414 57.
695 1374 829 1401 eorum
854 1361 1045 1400 discordia
1077 1361 1137 1414 58.
1166 1359 1336 1400 Fimbria
1360 1358 1458 1398 sedi-

213 1418 365 1456 tionem
401 1417 572 1455 concitat
604 1418 667 1455 61.
696 1415 888 1455 sociorum
924 1414 1056 1465 spoliis
1097 1413 1236 1454 milites
1269 1415 1367 1453 ditat
1391 1413 1456 1453 62„

216 1471 360 1510 occidit
384 1470 565 1510 Flaccum
593 1469 667 1508 cos.
698 1470 762 1518 64.
793 1470 947 1510 militati
975 1468 1161 1508 consensu
1186 1468 1390 1518 imperium
1418 1468 1457 1506 in

214 1525 429 1565 Fimbriam
466 1523 713 1570 transfertur,
747 1525 833 1564 ibid.
864 1526 946 1572 ejus
970 1523 1149 1562 adversus
1188 1521 1484 1573 Mithridatem-b

216 1592 277 1617 res
298 1579 407 1628 gestae
433 1578 478 1633 83
501 1609 512 1625 ,
546 1591 577 1617 1.
602 1578 827 1628 stratagema
865 1580 901 1618 ὃς
928 1577 1094 1616 victoriae
1118 1591 1151 1616 2.
1177 1575 1384 1615 crudelitas
1418 1577 1454 1615 ὃς

215 1633 373 1673 avaritia
398 1645 430 1684 3.
467 1633 587 1671 vincit
615 1631 884 1671 Mithridatem
907 1646 944 1681 4.
971 1632 1074 1681 capit
1099 1632 1134 1670 ἃ
1155 1630 1259 1669 delet
1282 1629 1396 1669 Ilium
1418 1629 1456 1668 6.

215 1695 352 1726 contra
377 1699 466 1725 eum
497 1697 629 1725 movet
662 1685 765 1726 Sulla
798 1699 857 1737 30.
887 1685 1062 1726 Fimbriae
1099 1684 1240 1723 milites
1269 1682 1377 1722 multi
1405 1683 1454 1720 ad

216 1740 363 1782 Sullam
394 1740 591 1786 transeunt
631 1753 690 1792 31.
733 1740 848 1779 Sullae
886 1739 1141 1790 percussorem
1181 1738 1365 1776 subornat
1395 1749 1456 1787 33.

217 1807 308 1833 cum
340 1793 744 1844 Rutiliocolloquitur
776 1807 834 1846 34.
862 1794 1034 1844 Pergami
1064 1795 1103 1832 in
1126 1792 1336 1843 AEsculapii
1363 1799 1458 1829 tem-

220 1849 287 1900 plo
318 1848 355 1887 se
381 1848 567 1898 transfigit
599 1849 726 1898 gladio
757 1861 816 1900 35.
1179 1866 1181 1868 v

167 1905 293 1946 fimus
319 1901 485 1942 bubulus
515 1915 584 1953 pro
616 1901 729 1952 lignis
765 1901 838 1953 38,
858 1901 916 1941 18.

166 1959 307 1997 finium
329 1956 373 1994 lis
397 1957 498 1994 inter
527 1957 791 1996 Romanorum
815 1955 940 1994 socios
955 1984 969 2002 ,
995 1957 1155 2005 &turpe
1180 1952 1368 2003 judicium
1381 1950 1460 2002 Rc*

224 2023 426 2049 manorum
456 2011 504 2048 de
527 2009 587 2048 his
614 2009 753 2047 finibus
780 2021 828 2060 3,
852 2023 917 2059 71.
1198 2025 1200 2028 ·

170 2065 406 2104 Firmanorum
430 2063 527 2102 fides
559 2064 600 2102 in
632 2063 830 2103 Romanos
863 2061 1017 2102 laudata
1049 2075 1126 2113 27,
1156 2075 1215 2102 10.

167 2119 337 2156 firmana
359 2116 498 2156 cohors
515 2132 566 2166 44
579 2147 589 2162 ,
609 2131 671 2165 4ο.
1026 2140 1029 2141 ⁷

170 2173 321 2210 Firmum
356 2170 511 2210 colonia
550 2170 710 2219 16‚⁴48.

169 2225 261 2276 fisci
283 2227 319 2264 δι
344 2226 465 2264 ae'rarii
500 2223 713 2263 differentia
743 2237 837 2278 134,
867 2222 930 2264 82.

170 2280 312 2322 Hamen
335 2278 466 2318 Dialis.
486 2280 559 2318 vid.
582 2277 715 2317 Dialis.
739 2279 877 2318 Martis
898 2292 932 2327 ι,
946 2291 1007 2317 20.
1026 2291 1098 2330 29,
1124 2290 1246 2331 ¹1·45
1260 2308 1273 2324 ,
1291 2288 1348 2328 15.
1365 2276 1462 2324 Qui„

223 2332 353 2373 riualis
386 2347 401 2371 1
418 2363 429 2379 ,
464 2345 525 2371 20.
558 2345 598 2385 ς,
626 2345 689 2380 40.
714 2346 788 2380 24,
813 2331 849 2370 8.
875 2344 945 2383 37,
965 2347 1016 2383 47
1042 2332 1077 2369 6·
1105 2344 1164 2384 51.
1208 2330 1380 2370 flamines
1405 2329 1461 2368 bi-

223 2389 305 2438 gis,
327 2399 440 2425 curru
467 2396 640 2431 arcuato,
657 2386 705 2424 ad
728 2385 834 2424 Fidei
854 2385 1062 2435 sacrarium
1090 2385 1178 2423 vehi
1199 2385 1307 2434 jubet
1329 2384 1462 2425 Numa

226 2454 270 2491 ι,
288 2455 352 2484 21.
382 2440 599 2484 flaminibus
627 2452 719 2483 cura
744 2439 936 2481 sacrorum
959 2440 1192 2481 demandata
1222 2453 1236 2480 1
1255 2468 1266 2488 ,
1293 2449 1309 2490 3
1319 2452 1351 2491 3.
1384 2437 1459 2483 fla-7
