1638 2755
485 113 751 159 INDEX
800 114 871 159 ΙΝ
920 114 975 161 Τ.
1018 116 1223 163 LIVll

212 220 372 268 Hanno,
401 220 449 260 ad
488 220 613 260 foedus
643 219 866 260 servandum
908 230 1090 271 provocat
1123 224 1320 263 Romanos
1350 225 1418 274 16,
1451 226 1498 271 8„

271 277 331 316 26.
357 275 510 327 pellitur
537 274 709 314 Mess'ana
739 289 799 325 27.
825 278 926 314 cruci
951 277 1112 327 affigitur
1135 277 1194 316 28.
1488 274 1491 275 ⁷

213 333 351 369 Hanno
383 329 505 369 senior
538 329 577 367 in
612 327 778 370 Siciliam
809 331 916 368 venit
950 332 1018 378 16,
1062 344 1118 382 53.
1156 333 1236 380 ejus
1270 333 1407 373 fiducia
1439 349 1497 386 55.

267 385 486 431 cunetatio,
535 384 619 422 ibid.
655 383 822 422 vincitur
853 397 873 422 a
917 384 1100 424 Romanis
1137 398 1194 437 57.
1236 388 1274 425 in
1316 387 1497 427 seditioliz

263 440 470 489 puniendis
495 437 595 476 fraus
620 437 684 477 60.
708 439 790 486 ejus
820 437 982 477 astutum
1011 438 1233 490 responsum
1269 441 1338 490 18,
1366 455 1422 482 10.
1441 455 1497 479 res

267 494 374 543 gestae
404 495 444 531 in
471 492 597 531 Africa
628 505 696 543 19,
729 505 791 545 35.

212 549 349 586 Hanno
364 579 373 595 ,
388 547 566 597 princeps
582 546 760 584 fastionis
777 546 942 585 Barcinis
965 547 1150 594 inimicae,
1177 548 1328 596 censet,
1357 550 1499 589 Hanni-

268 601 391 640 balem
409 601 640 640 mittendum
658 612 736 640 non
753 599 826 638 esse
842 601 880 638 in
895 601 1115 650 Hispaniam
1131 616 1174 640 21
1193 633 1205 649 ‚
1226 616 1256 654 3.
1278 603 1501 643 dedendum

266 656 452 695 Romanis
480 669 517 707 9.
545 667 680 706 pacem
707 654 912 704 petendam
937 655 983 694 ab
999 656 1188 696 Romanis
1218 659 1302 708 post
1327 657 1502 696 cannen*

263 709 342 748 sem
367 722 533 761 pugnam
566 722 637 761 23,
666 721 725 760 ις.
1208 759 1213 761 Δ

212 763 349 804 Hanno
367 795 378 813 ,
408 762 634 804 Bomilcaris
669 762 709 802 F.
737 762 882 802 strenue
919 776 998 802 rem
1025 765 1118 814 gerit
1146 765 1184 803 in
1209 765 1362 805 transitu
1397 765 1500 805 Rho&

267 819 358 858 dani
392 833 436 857 21
456 849 469 865 ,
495 832 543 868 27
566 818 600 855 ‹5›
624 816 685 855 28.
716 818 756 855 in
787 816 970 867 Hispania
999 819 1054 856 cis
1084 818 1239 858 Iberum
1277 821 1325 858 ab
1356 821 1501 859 Hanni.

265 873 350 912 bale
373 872 575 923 praeficitur
608 883 651 909 21
671 899 683 918 ,
714 884 775 924 23.
804 871 952 911 ibidem
978 884 1001 911 a
1025 872 1093 912 Cn.
1121 874 1301 925 Scipione
1331 876 1499 913 vincitur

268 930 303 968 &
328 929 475 977 capitur
503 929 567 965 60.

213 984 371 1030 Hanno,
396 980 539 1020 nobilis
565 978 906 1030 Carthaginiensis,
932 981 1081 1031 capitur
1102 981 1141 1020 in
1157 982 1329 1022 Sardinia
1356 997 1419 1037 23,
1436 996 1499 1030 41,

214 1037 375 1085 Hanno,
399 1036 519 1074 victus
551 1036 585 1073 ὃς
613 1033 740 1082 pulsus
771 1034 909 1074 finibus
946 1035 1111 1075 Lucanis
1143 1049 1164 1075 a
1188 1037 1247 1077 Ti.
1270 1036 1499 1086 Sempronh

269 1091 426 1141 Longo,
452 1089 531 1129 abit
551 1088 589 1126 in
613 1088 778 1128 Bruttios
801 1103 843 1142 23
860 1119 870 1135 ,
894 1103 955 1143 37.
982 1089 1102 1139 copiis
1130 1093 1264 1130 auctus
1290 1092 1389 1129 redit
1415 1092 1500 1131 No·-

267 1145 343 1184 lam
360 1176 372 1194 ‚
396 1147 429 1185 Sc
460 1157 548 1183 cum
573 1142 732 1182 Nolanis
755 1142 986 1194 colloquitur
1016 1156 1078 1194 43.
1105 1145 1144 1183 in
1168 1145 1336 1184 Bruttios
1370 1146 1500 1184 remit--

267 1200 358 1238 titur
384 1200 446 1248 46.
469 1199 516 1237 ad
537 1197 794 1237 defectionem
824 1196 1003 1237 sollicitat
1028 1197 1175 1238 Graecas
1202 1199 1312 1239 urbes
1337 1200 1377 1238 in
1394 1200 1503 1240 Brut.

268 1256 329 1295 tiis
356 1268 431 1302 24,
458 1267 488 1292 1.
527 1253 626 1291 inter
662 1253 892 1291 Hannonem
924 1254 958 1291 &a
987 1251 1203 1292 Gracchum
1241 1255 1337 1293 acris
1374 1267 1502 1305 pugna

271 1309 320 1348 ad
344 1308 608 1348 Beneventum
646 1320 690 1354 14
715 1306 749 1343 δ’
779 1320 836 1358 15.
863 1305 1034 1345 sublevat
1063 1307 1236 1359 inopiam
1267 1308 1406 1359 Capuae
1438 1321 1502 1360 25.

275 1377 333 1417 13.
369 1363 449 1411 ejus
477 1361 591 1400 castra
625 1361 825 1410 capiuntur
852 1373 872 1399 a
908 1360 1091 1400 Romanis
1125 1376 1182 1412 14.
1207 1362 1309 1414 fugit
1334 1364 1373 1402 in
1396 1362 1504 1403 Brut-

269 1419 373 1465 tios,
397 1417 481 1455 ibid.
514 1415 644 1466 praeest
672 1414 841 1464 praesidio
874 1414 1094 1465 Metaponti
1125 1430 1201 1468 27,
1224 1431 1290 1465 42.

216 1473 355 1511 Hanno
383 1471 520 1521 Capua:
545 1469 675 1520 praeest
707 1469 879 1517 praelidio
911 1469 1053 1508 Punico
1082 1471 1157 1518 26,
1184 1485 1202 1524 5
1230 1474 1264 1512 δ’
1288 1484 1345 1511 12.
1372 1470 1503 1511 relicta

272 1524 402 1566 Sicilia
422 1525 563 1573 trajicit
585 1525 625 1563 in
659 1524 826 1563 Africam
856 1536 920 1572 40.
945 1564 947 1567 ,
1430 1555 1434 1559 ,

218 1581 376 1629 Harum,
410 1592 534 1618 novus
568 1579 802 1628 imperator,
826 1578 864 1616 in
898 1576 1123 1627 Hispaniam
1150 1591 1198 1618 ex
1224 1578 1351 1619 AfriCa
1386 1579 1425 1617 in
1450 1578 1505 1618 lo-

272 1647 360 1674 cum
393 1633 543 1673 Barcini
578 1630 825 1672 Hasdrubalis
860 1631 1141 1682 transgreditur.
1193 1633 1266 1680 28,
1300 1647 1330 1672 1.
1372 1634 1506 1672 adver-

270 1689 329 1728 sus
354 1700 443 1728 eum
473 1686 639 1726 mittitur
664 1699 683 1724 a
709 1687 892 1736 Scipione
919 1685 973 1726 M.
1006 1686 1180 1735 Silanus,
1204 1688 1289 1726 ibid.
1317 1688 1424 1726 vivus
1446 1700 1507 1726 ca-

271 1745 374 1794 pitur
394 1757 414 1783 a
441 1740 627 1784 Romanis
663 1754 695 1779 2.
721 1740 884 1779 mittitur
909 1740 1076 1780 Romam
1096 1757 1132 1789 4.

220 1798 356 1837 Hanno
371 1829 383 1847 ,
399 1798 601 1848 praefee‘ius
617 1794 796 1845 Magonis
814 1794 883 1842 28,
908 1807 968 1846 23.
989 1795 1161 1834 funditur
1180 1808 1205 1834 a*
1219 1795 1259 1835 L.
1276 1795 1426 1836 Marcio
1444 1809 1505 1850 30.

218 1852 381 1900 Hanno,
409 1851 550 1891 nobilis
587 1851 766 1900 juvenis,
801 1848 987 1898 equitatui
1029 1848 1175 1888 Punico
1209 1850 1434 1900 praefectus,
1467 1851 1505 1887 in

272 1919 398 1956 pugna
424 1906 583 1956 equestri
609 1904 800 1944 occiditur
830 1917 888 1956 29,
920 1917 980 1955 29.
1003 1904 1049 1954 cf]
1072 1903 1107 1941 6³
1138 1916 1195 1954 35.

219 1961 380 2006 Hanno,
408 1959 636 2000 Hamilcaris
668 1956 791 2008 filius,
820 1957 1018 2005 praefectus
1043 1957 1186 1997 Punico
1217 1957 1404 2006 equitatui
1433 1972 1506 2009 2³9³

278 2027 338 2066 34.
368 2013 518 2052 elicitur
546 2026 567 2052 a
595 2011 784 2054 Masinissa
818 2011 867 2050 ad
898 2022 1094 2061 pugnam,
1120 2012 1285 2050 vincitur
1309 2013 1344 2051 ἃ
1365 2011 1507 2050 interti-

231 2086 234 2088 ·
275 2069 395 2115 citur,
414 2069 499 2106 ibid.

219 2123 382 2170 Hanno,
407 2119 636 2161 Hamilcaris
671 2118 770 2159 filius
791 2132 839 2172 45
856 2148 868 2167 ,
898 2131 956 2168 14

221 2177 358 2214 Hanno
388 2176 510 2214 Gillas
528 2189 577 2227 49
593 2207 604 2222 ‚
634 2174 693 2214 18.
716 2177 797 2223 ejus
821 2170 1043 2212 miserabilis
1071 2172 1318 2223 deprecatio,
1341 2173 1429 2213 ibid.

223 2229 453 2278 Harmonia,
482 2228 637 2269 Gelonis
672 2228 774 2275 filia,
811 2227 1008 2268 Themisto
1044 2238 1163 2279 nupta
1192 2242 1264 2278 24,
1307 2242 1369 2276 24.
1404 2227 1506 2266 occia

277 2285 381 2321 ditur
410 2296 471 2336 25.

225 2339 454 2389 Harpagorzes
471 2367 482 2385 ,
506 2336 640 2376 asseres
661 2337 782 2375 ferreo
811 2348 910 2375 unco
939 2335 1080 2385 praefixi
1106 2348 1174 2389 30,
1205 2349 1260 2374 10.

229 2391 434 2443 Harpalus,
474 2392 647 2444 princeps
681 2391 880 2443 legationis
927 2389 1072 2437 Persei,
1107 2388 1270 2432 offendit
1312 2388 1509 2429 Romanor„-

276 2460 348 2495 42,
385 2459 442 2495 14.
