1638 2755
379 114 652 163 INDEX
707 114 788 161 IN
834 114 890 162 T.
939 115 1143 163 L1V11

177 220 231 269 git
256 219 433 268 confilio,
460 222 544 262 ibid.
577 223 660 270 ejus
685 222 905 272 stratagema
927 236 964 272 7.
998 221 1092 260 clavi
1120 221 1262 272 figendi
1291 221 1401 262 cauta

172 276 334 314 dictator
356 276 476 315 dietus
499 277 560 316 26.
593 289 658 314 cur
681 286 805 315 motus
821 290 840 315 a
855 275 1072 315 censoribus
1091 275 1246 315 senatu?
1265 291 1326 331 33.

119 328 168 366 P.
197 331 376 368 Cornelius
400 329 582 381 Scapula,
606 329 680 368 cos.
707 339 854 368 creatur
875 330 919 378 8,
951 344 1012 369 22.

122 382 164 419 P.
199 383 376 421 Cornelius
404 384 522 435 Scipio
545 397 566 422 a
592 383 774 422 dictatore
798 382 961 423 Camillo
989 396 1087 433 mag.
1124 384 1241 434 equit.
1265 382 1404 422 dicitur

178 448 219 487 5,
245 450 301 489 19.
325 437 410 476 trib.
439 437 554 476 milit.
581 437 772 476 consulari
787 438 967 487 potestate
988 446 1135 476 creatur
1152 452 1212 487 24.
1234 438 1402 478 interrex

173 500 319 529 creatur
353 504 410 540 31.
437 491 601 529 interrex
632 492 769 530 iterum
798 492 848 537 6,
880 505 913 530 1.

119 542 167 581 P.
205 545 384 582 camelius
416 546 564 597 Scipio,
585 545 728 595 primus
764 544 886 585 aedilis
913 545 1051 585 curulis
1084 560 1133 598 7,
1166 559 1198 584 1.
1228 544 1403 596 magister

173 607 292 646 equit.
318 613 378 645 24.

118 649 167 688 P.
203 650 382 689 Cornelius
407 652 526 704 Scipio
558 653 720 692 difflator
744 667 792 705 9,
814 666 877 701 44.

117 702 166 742 P.
209 706 385 743 Cornelius
412 706 530 757 Scipio
558 706 694 757 Afina,
727 707 892 744 interrex
926 720 997 754 22,
1028 719 1087 757 34.
1123 718 1256 745 omnes
1285 707 1402 746 duces

171 757 433 808 exercitusque
459 768 539 798 tota
566 772 612 798 ex
641 759 746 799 Italia
776 760 823 798 ad
848 760 1195 810 urbis-praefidium
1219 773 1400 802 revocan-

173 811 243 850 dos
272 811 399 850 censet
421 813 469 852 26
484 843 495 860 ,
515 813 553 852 8.

116 866 164 902 P.
194 865 370 904 Cornelius
399 867 542 918 Scipio,
572 865 649 905 cos.
686 880 729 905 21
750 896 760 913 ,
787 867 823 907 6.
857 867 962 906 venit
989 866 1193 907 Maffiliam
1220 867 1280 908 26.
1309 879 1399 906 cum

168 918 387 958 Hannibale
415 919 597 970 congredi
625 921 662 958 in
685 920 807 959 Gallia
827 922 1007 972 cupiens,
1033 935 1122 961 eum
1153 921 1294 972 assequi
1319 934 1398 959 non

166 972 294 1021 potest
323 986 378 1024 32.
409 975 546 1024 repetit
574 974 774 1023 Genuam,
797 976 881 1013 ibid.
918 975 1067 1015 festinat
1091 976 1138 1014 ad
1161 976 1303 1016 Padum
1331 989 1396 1028 39.

166 1035 299 1064 movet
327 1027 441 1066 castra
467 1028 514 1066 ad
541 1027 722 1067 Ticinum
752 1042 902 1067 amnem
919 1062 930 1078 ‚
957 1030 1046 1070 ibid.
1068 1031 1151 1078 ejus
1182 1030 1229 1068 ad
1262 1027 1402 1068 milites

165 1079 385 1119 adhortatio
412 1096 475 1130 40.
502 1081 717 1121 vulneratur
738 1083 777 1121 in
799 1096 925 1134 pugna
955 1084 1116 1132 equestri
1139 1083 1188 1122 ad
1216 1083 1399 1123 Ticinum

165 1135 229 1182 46.
264 1134 409 1173 recedit
449 1134 547 1175 ultra
585 1136 729 1175 Padum
761 1152 824 1187 47.
858 1150 945 1176 eum
977 1138 1145 1187 sequitur
1175 1136 1398 1185 Hannibal,

165 1188 252 1226 ibid.
280 1189 423 1227 recedit
440 1189 489 1228 ad
515 1190 697 1230 Trebiam
725 1191 792 1238 48.
817 1190 986 1230 dissentit
1009 1204 1029 1229 a
1057 1190 1225 1240 collega,
1256 1203 1400 1240 pugna-

164 1253 206 1280 re
226 1243 404 1292 cupiente
434 1258 479 1297 52
502 1243 537 1281 δ’
568 1256 625 1295 53.
658 1243 770 1284 classe
795 1245 996 1284 advehitur
1021 1246 1060 1283 in
1090 1244 1311 1294 Hispaniam
1335 1258 1399 1291 22,

162 1309 224 1334 22.
250 1296 355 1335 fratri
391 1299 665 1348 conjungitur,
699 1300 785 1337 ibid.
813 1299 906 1337 duas
946 1309 1068 1348 partes
1101 1299 1294 1337 exercitus
1325 1298 1396 1336 ad-.

165 1348 292 1388 versus
336 1351 546 1401 Magonem
579 1352 687 1391 ducit
726 1366 798 1405 25,
836 1367 896 1406 32.
933 1353 1066 1392 lancea
1100 1353 1286 1401 trajicitur
1321 1364 1400 1402 pu-

164 1416 284 1452 gnans
311 1417 369 1456 34.
399 1407 480 1453 ejus
509 1418 609 1445 mors
633 1419 713 1445 non
737 1407 856 1456 magis
885 1406 1041 1456 Romae,
1064 1419 1178 1456 quam
1192 1407 1233 1445 in
1254 1405 1397 1456 Hispa-

167 1457 230 1495 nia
259 1458 398 1496 defleta
423 1460 483 1508 36.

110 1509 160 1550 P.
194 1512 365 1550 Cornelius
406 1513 452 1551 P.
487 1514 528 1551 F.
562 1513 680 1565 Scipio
717 1521 863 1564 patrem
895 1513 934 1552 in
971 1527 1099 1564 pugna
1137 1514 1186 1553 ad
1214 1513 1396 1553 Ticinum

159 1564 333 1616 praesenti
358 1565 526 1615 periculo
547 1567 659 1616 eripit
680 1581 724 1607 21
740 1598 752 1616 ‚
773 1570 836 1616 46.
851 1570 890 1606 in
913 1581 1042 1623 pugna
1060 1568 1108 1606 ad
1134 1568 1282 1607 Cannas
1307 1567 1396 1607 trib.

164 1618 274 1657 milit.
289 1620 337 1658 de
357 1620 508 1670 legione
533 1620 697 1660 secunda
723 1636 796 1669 22,
823 1635 882 1674 53.
909 1623 1217 1670 conjurationem
1246 1621 1396 1670 aliquot

163 1672 355 1712 nobilium
384 1673 686 1713 adolescentium
721 1676 767 1714 de
804 1675 1010 1715 deserenda
1045 1676 1157 1715 Italia
1191 1674 1395 1722 disturbat,

164 1727 251 1765 ibid.
280 1738 368 1766 ante
393 1741 513 1767 annos
540 1728 582 1766 fit
604 1727 724 1767 aedilis
751 1729 892 1768 curulis
927 1744 1003 1783 25,
1031 1743 1065 1768 2.
1088 1739 1248 1779 quatuor
1280 1730 1315 1768 δε
1340 1730 1398 1767 vi-

163 1780 258 1830 ginti
288 1794 407 1821 annos
428 1791 546 1821 natus
573 1791 720 1821 creatur
747 1796 767 1821 a
795 1782 939 1833 populo
966 1782 1170 1832 proconsul
1195 1785 1236 1821 in
1260 1782 1395 1832 Hispa.

162 1835 268 1873 niam
301 1837 370 1884 26,
403 1835 460 1874 18.
494 1838 575 1884 ejus
605 1845 703 1875 artes
739 1836 789 1874 ad
827 1837 992 1886 paranda
1031 1837 1098 1875 fibi
1134 1836 1394 1875 multitudinis
1469 1841 1471 1843 ’

163 1887 347 1938 obsequia
381 1902 440 1941 19.
475 1888 614 1928 milites
642 1888 865 1929 adhortatur
897 1903 961 1939 41.
986 1903 1064 1928 uno
1103 1890 1166 1928 die
1196 1889 1394 1939 Carthagi.

157 1954 248 1980 nem
272 1955 411 1980 novam
436 1943 541 1990 capit
566 1943 734 1991 42-46.
765 1943 861 1982 bene
886 1942 1002 1982 habet
1028 1943 1176 1982 obfides
1200 1942 1394 1992 Hispanos

161 2006 225 2048 49.
254 1995 430 2046 sponsam
457 1995 595 2036 Allucii
621 1995 740 2034 servat
756 1996 897 2046 pudice
913 2027 924 2044 ,
950 1996 1162 2046 sponsoque
1183 1997 1308 2034 reddit
1327 2009 1386 2048 50.

158 2061 218 2087 res
243 2051 393 2099 egregie
420 2050 516 2100 gerit
538 2051 577 2088 in
605 2048 787 2100 Hispania
820 2065 891 2098 27,
921 2063 966 2100 17
991 2052 1024 2089 δ’
1051 2049 1109 2091 18.
1146 2049 1292 2099 regium
1320 2063 1392 2088 no·

157 2115 275 2149 men,
303 2103 366 2140 fibi
401 2103 449 2142 ab
488 2103 664 2153 Hispanis
689 2102 885 2150 delatum,
914 2103 1048 2142 abnuit
1086 2117 1145 2158 19.
1170 2117 1278 2142 novae
1309 2105 1391 2153 ejus

160 2155 202 2193 in
226 2155 406 2206 Hispania
431 2157 596 2196 victoriae
618 2156 691 2203 28,
717 2170 840 2206 1—-4,
861 2156 895 2194 δ’
916 2171 959 2196 12
975 2180 1019 2187 —
1039 2158 1096 2197 16.
1125 2156 1232 2207 pellit
1255 2156 1392 2209 Hispa-

157 2210 225 2248 nia
252 2209 605 2259 Carthaginienses,
632 2211 716 2249 ibid.
733 2211 782 2249 ad
808 2210 1021 2261 Syphacem
1049 2224 1137 2250 cum
1163 2211 1391 2260 quinquere-

159 2262 290 2302 mibus
317 2264 464 2303 duabus
493 2263 633 2313 trajicit
667 2278 725 2311 17.
751 2265 890 2303 eodem
917 2263 1015 2304 lecto
1041 2265 1143 2314 apud
1172 2263 1388 2314 Syphacem

162 2327 253 2355 cum
287 2317 524 2357 Hasdrubale
563 2317 795 2356 accumbens
821 2328 950 2357 coenat
985 2318 1042 2356 18.
1072 2317 1316 2358 Hasdrubalis
1341 2318 1390 2356 de

161 2381 209 2407 eo
236 2371 446 2418 judicium,
477 2373 561 2411 ibid.
590 2371 736 2410 foedere
767 2385 855 2410 cum
888 2372 1063 2421 Syphace
1095 2373 1194 2417 icto,
1223 2371 1324 2409 redit
1349 2371 1389 2409 in

161 2423 409 2476 Hispaniam,
441 2426 526 2468 ibid.
550 2423 664 2468 sumit
696 2438 830 2477 poenas
865 2426 912 2466 de
945 2425 1228 2477 illiturgitanis,
1264 2423 1392 2468 Casto-2
