1638 2755
422 119 700 171 INDEX
750 122 831 169 IN
886 120 944 170 T.
995 121 1212 170 L1v11

232 236 354 270 nunte
385 243 456 283 29,
479 244 536 270 11.
563 243 640 280 quo
670 229 818 269 honore
841 242 862 268 a
892 229 1076 269 Romanis
1101 235 1259 281 accepta
1295 241 1353 278 14·
1379 229 1463 269 ludi

233 285 273 322 in
298 286 378 333 ejus
408 286 605 325 honorem.
629 285 703 322 vid.
737 282 952 332 Megalesia.

179 337 318 376 Matris
348 342 497 391 Magnae
530 339 630 378 aedes
658 340 698 376 in
734 336 879 377 Palatio
917 337 1095 377 facienda
1124 336 1271 376 locatur
1305 349 1376 390 29,
1402 349 1464 389 37,

233 393 433 431 dedicatur
462 392 532 446 36,
557 393 619 447 36.

177 445 314 485 Ᾱίαηίς
347 449 499 486 Matutae
529 448 630 485 aedes
667 458 710 498 5,
738 459 794 497 19.
830 458 903 497 25,
929 460 967 495 7.
999 459 1075 493 41,
1103 459 1165 498 33.
1193 446 1233 483 in
1259 457 1302 484 ea
1331 442 1462 483 tabula

233 513 252 538 a
275 500 475 548 Graccho,
498 499 671 539 Sardinia
695 499 873 545 subacta,
899 500 1043 549 posita,
1073 500 1158 539 ibid.
1188 501 1269 548 ejus
1298 498 1396 538 aedes
1423 499 1463 537 in

233 554 315 593 foro
336 555 470 593 Boario
495 568 535 608 33
552 585 564 600 ‚
587 568 647 602 27.
673 554 772 592 aedes
804 554 936 593 Satrici
966 554 1035 601 28,
1068 567 1125 591 11.

172 607 316 646 'luntres
342 609 449 656 duae,
471 608 634 659 receptis
663 616 796 657 praeter
821 607 930 658 spem
949 607 1062 655 filiis,
1080 606 1221 661 gaudio
1247 606 1465 645 exaniman-

234 673 294 700 tur
322 677 386 708 22,
415 677 454 712 7.

174 716 381 763 finierim,
407 716 518 765 plaga
543 715 582 753 in
604 714 757 755 Umbris
789 729 834 768 9,
852 729 915 763 41.

174 778 426 817 Mrstheman'ci
455 775 648 827 pelluntur
679 775 771 813 urbe
806 789 898 827 131,
927 787 986 828 53.

177 840 216 878 Cr
247 841 435 877 Matienus
466 846 615 875 creatur
647 838 824 876 duumvir
857 836 1001 875 navalis
1032 850 1108 885 4ο,
1146 836 1206 877 26.
1239 836 1463 888 praedonum

232 893 412 942 Ligurum
443 892 536 930 duas
561 903 604 929 ac
637 890 791 941 triginta
812 903 926 930 naves
953 891 1057 940 capit
1082 890 1144 930 28.

175 954 213 993 C.
243 954 452 1000 Maserius,
483 951 586 1002 quod
615 951 825 990 exercitum
853 950 1092 1000 deseruiffet,
1122 950 1189 991 sub
1216 951 1322 991 furca
1346 951 1462 1003 virgis

229 1006 365 1053 caesus,
386 1005 550 1045 sestertio
575 1018 736 1044 nummo
762 1007 869 1044 venit
894 1018 965 1058 55,
997 1018 1029 1044 1.

173 1071 233 1109 iM.
265 1069 474 1115 Matienus,
505 1076 640 1118 praetor
668 1082 738 1116 41,
774 1081 833 1122 33.
864 1067 1014 1106 sortitur
1044 1066 1266 1117 Hispaniam
1297 1066 1463 1106 ulterio-

228 1136 307 1161 rem
325 1138 400 1172 42,
428 1136 457 1160 1.
482 1121 530 1160 ab
555 1120 728 1170 Hispanis
747 1121 989 1160 ulterioribus
1015 1122 1063 1159 ad
1089 1129 1374 1170 recuperatores
1395 1122 1462 1160 ad-

225 1177 391 1223 ductus,
420 1175 728 1225 ampliatusque‚
765 1188 856 1214 curn
896 1176 1061 1214 dicenda
1098 1175 1146 1213 de
1166 1175 1315 1226 integro
1349 1174 1463 1214 causa

228 1230 344 1278 effet,
372 1231 413 1269 in
435 1229 605 1269 exfilium
633 1230 713 1268 abit
736 1229 857 1270 Tibur
882 1243 956 1281 43,
980 1244 1014 1268 2.

170 1286 215 1333 P.
247 1294 458 1342 Matienus,
488 1293 663 1333 tribunus
694 1292 865 1332 militurn
891 1307 962 1347 29,
991 1292 1025 1333 6.
1051 1304 1073 1331 a
1092 1290 1320 1331 Plemminio
1348 1290 1464 1344 virgis

226 1346 341 1387 caesus
357 1379 369 1394 ,
393 1347 621 1387 interficitur
640 1362 675 1400 9.
692 1355 694 1359 “

173 1411 346 1450 Matrona
375 1410 506 1458 nulla,
533 1410 599 1449 nisi
631 1409 805 1460 speetatae
845 1407 1074 1459 pudicitiae,
1102 1409 1136 1446 ἃ
1165 1420 1249 1458 quae
1277 1408 1344 1447 uni
1378 1408 1463 1448 viro

226 1474 347 1514 nupta
368 1464 512 1512 fuisset,
537 1466 595 1512 jus
612 1463 845 1502 sacrificandi
874 1462 991 1501 habet
1018 1462 1057 1500 in
1083 1474 1145 1500 ara
1172 1462 1366 1501 Pudicitiae
1380 1462 1461 1512 ple-

229 1518 326 1567 bejae
354 1533 424 1566 10,
450 1534 508 1573 23.
538 1528 723 1556 matronae
745 1530 812 1568 per
836 1530 978 1556 annum
1009 1515 1142 1564 lugent
1168 1515 1325 1554 Brutum
1354 1531 1398 1562 2,
1419 1530 1458 1566 7.

228 1574 265 1612 δε
288 1572 478 1611 Valerium
502 1571 740 1612 Publicolam
773 1571 829 1611 16.
857 1583 991 1610 aurum
1020 1571 1055 1609 ἃ
1079 1571 1208 1608 ornnia
1232 1579 1459 1609 ornamenta

225 1627 265 1666 in
297 1628 468 1666 cerarium
501 1626 705 1665 conferunt
736 1638 779 1674 5,
807 1638 868 1678 25.
892 1625 942 1664 ob
970 1636 1054 1663 eam
1085 1623 1384 1663 munificentiam
1412 1624 1458 1662 iis

223 1680 351 1719 honor
385 1680 538 1719 habitus
555 1710 565 1727 ,
592 1688 636 1719 ut
660 1678 807 1730 pilento
833 1679 882 1718 ad
908 1677 1009 1718 sacra
1038 1677 1244 1728 ludosque,
1268 1677 1455 1726 carpentis

225 1735 321 1774 festo
350 1735 595 1785 profestoque
621 1741 833 1779 uterentur,
858 1733 943 1772 ibid.
972 1744 1105 1772 aurum
1131 1732 1222 1770 item
1239 1731 1457 1780 conferunt,

225 1789 277 1827 acl
309 1788 498 1828 summam
530 1790 649 1838 paetae
687 1786 875 1826 mercedis
909 1785 1026 1826 Gallis
1067 1785 1349 1825 conficiendam
1393 1799 1454 1839 50.

223 1842 319 1881 hine
343 1842 581 1889 decernitur,
606 1851 649 1880 ut
665 1854 793 1880 earum
807 1872 818 1889 ,
840 1840 933 1879 sicut
958 1842 1125 1879 virorum
1141 1869 1152 1887 ,
1169 1839 1355 1879 solemnes
1373 1839 1456 1888 post

224 1905 392 1936 mortem
419 1896 658 1936 laudationes
690 1894 833 1940 essent,
859 1894 943 1933 ibid.
984 1894 1027 1932 iis
1063 1906 1130 1944 pro
1159 1906 1249 1932 auro
1288 1893 1451 1951 pretiunJ

220 1949 453 2000 persolvitur
472 1951 517 1997 6,
539 1963 576 1997 4.
601 1948 779 1987 veneficae
799 1948 847 1987 ad
864 1955 1019 1986 centum
1039 1946 1275 1997 septuaginta
1296 1947 1453 1986 damna-

221 2012 269 2043 tae
292 2005 340 2051 8,
362 2004 419 2043 ι8.
446 2003 562 2053 stupri
591 2003 805 2048 damnatae,
831 2002 997 2051 pecunia
1027 2000 1259 2039 mulctantur
1296 2014 1361 2048 10,
1388 2015 1450 2054 31.

224 2058 411 2097 dedicant
444 2057 590 2106 Junoni
626 2056 772 2106 signum
811 2067 960 2095 aeneum
995 2054 1034 2092 in
1063 2054 1251 2093 Aventino
1280 2068 1351 2101 21,
1387 2056 1451 2095 62³

222 2112 317 2150 item
352 2110 493 2166 pelvim
525 2122 678 2149 auream
707 2124 776 2161 27,
806 2124 868 2163 37.
901 2121 967 2159 per
997 2108 1127 2147 omnia
1160 2107 1318 2147 delubra
1345 2120 1450 2159 vagae

222 2165 422 2216 suppliciis
445 2164 616 2214 votisque
649 2159 810 2214 fatigant
845 2163 947 2203 Deos
978 2176 1035 2215 50.
1065 2175 1152 2201 cum
1177 2162 1356 2212 Scipione
1378 2163 1447 2201 ob·

220 2219 321 2258 viam
349 2227 442 2258 eunt
466 2219 593 2259 Deum
621 2218 736 2258 Matri
761 2232 833 2270 29,
862 2231 919 2264 14.
943 2216 1079 2256 habitu
1108 2215 1342 2256 Baccharum
1371 2217 1453 2255 cri-

225 2274 339 2313 nibus
361 2273 470 2323 paffis
495 2286 582 2312 cum
604 2272 824 2311 ardentibus
855 2271 1003 2310 facibus
1032 2271 1238 2309 decurrunt
1261 2270 1310 2309 ad
1335 2270 1451 2309 Tibe-

222 2329 321 2375 ri1n‚
348 2326 597 2377 demissasque
621 2326 723 2365 faces
749 2327 788 2378 in
821 2338 959 2376 aquam
996 2326 1143 2376 integra
1170 2325 1326 2363 flamma
1362 2322 1452 2362 effe<

229 2390 318 2420 runt
353 2395 422 2436 39,
462 2395 522 2436 ¹3·
551 2381 599 2419 de
624 2388 881 2420 matronarum
909 2378 1014 2418 cultu
1054 2378 1114 2417 lex
1146 2378 1275 2428 Oppia
1306 2390 1380 2429 34,
1418 2390 1450 2416 ι.

225 2444 360 2482 contra
385 2448 517 2479 earum
537 2434 673 2477 luxum
703 2435 825 2477 oratio
850 2433 1009 2477 Catonis
1041 2432 1114 2473 cos.
1141 2448 1174 2473 2.
1216 2431 1259 2474 L.
1281 2429 1452 2472 Valerius
