1638 2755
1278 0 1296 16 Γ

333 135 921 182 HISTORIARUM
972 135 1284 182 LIBROS.

228 242 406 283 Cornelio
422 242 724 294 Scipione‚ibid.
749 241 896 292 capitur
911 240 974 289 46.
993 241 1120 290 praeda
1148 242 1286 291 ingens
1309 247 1444 290 capta,

227 299 263 337 δε
291 297 440 337 obfides
458 299 576 337 totius
601 295 793 346 Hispaniae
811 309 874 347 47.
893 293 942 346 cs:
957 295 992 334 ἃ
1014 296 1113 348 496³
1129 307 1187 348 50.
1207 293 1447 345 Carthaginis

229 360 350 401 captae
376 365 497 392 annus
525 350 664 390 dubius
691 364 766 400 27,
791 363 830 399 7.

173 406 478 458 Carthaginienses
500 404 709 444 exercitum
729 404 927 452 trajiciunt
949 403 989 441 in
1013 402 1180 442 Siciliam
1199 417 1245 450 4,
1267 415 1329 454 29.
1352 414 1443 441 cum

221 459 272 498 iis
298 459 427 498 foedus
444 461 631 509 ieium‘7,
658 472 718 509 27.
738 456 882 508 legatos
908 456 1078 497 Romam
1104 457 1260 494 mittunt
1285 456 1447 505 gratula-

225 523 306 552 tum
334 525 424 552 cum
445 525 585 552 corona
606 524 718 550 aurea
742 510 801 563 38.
826 523 915 550 cum
937 511 983 549 iis
1011 510 1140 549 foedus
1156 520 1444 562 renovatum9,

222 580 286 620 43.
320 580 387 621 13,
411 580 476 619 47.
505 566 682 605 obiident
704 564 906 615 Syracusas
940 577 1008 616 13,
1039 577 1098 616 50.
1133 564 1311 602 muniunt
1338 563 1445 612 Lily-

223 621 347 660 baeum
377 635 447 669 14,
476 634 534 669 14.
572 618 694 659 navali
722 632 852 669 pugna
886 619 1047 656 vincunt
1082 617 1265 668 Pyrrhum
1293 631 1356 656 21.
1392 617 1444 655 sem

222 675 335 714 cundi
360 674 459 714 inter
475 672 806 722 Carthaginienses
828 674 860 712 ἃ
882 672 1077 712 Romanos
1098 671 1188 710 belli
1216 672 1442 721 magnitudo

221 731 257 768 δε
286 727 404 767 causa:
433 742 504 775 21,
535 741 566 766 1.
591 727 703 776 hujus
736 725 826 765 belli
851 736 984 765 eventa
1013 724 1278 764 describuntur
1308 726 1443 765 decem

218 782 326 821 libris
350 781 397 821 ab
420 796 480 820 21.
496 781 545 820 ad
574 794 631 834 30.
664 782 710 819 iis
730 779 872 820 bellum
898 780 1074 819 indicunt
1089 780 1257 820 Romani
1286 794 1330 819 21
1349 810 1361 828 ‚
1386 778 1448 819 18.

219 849 354 875 eorum
375 834 495 874 classis
528 834 756 875 Heracleam
782 833 941 885 appellit
965 847 1039 881 24,
1065 846 1124 886 35.
1152 833 1334 884 Hispania
1359 832 1440 883 pel-

215 889 347 928 luntur
374 891 487 928 tertio
520 889 673 928 decimo
698 901 799 927 anno
835 888 917 938 post
941 887 1087 926 bellum
1111 887 1246 926 i‘nitum
1276 887 1350 933 28,
1385 887 1442 926 16.

215 956 347 983 eorum
381 952 499 982 terror
525 943 575 981 ob
600 941 720 981 claffis
746 943 857 982 Rom.
885 941 1086 992 appulsum
1113 942 1152 980 in
1180 941 1345 981 Africam
1368 955 1442 994 29,

218 1011 251 1050 3.
277 1009 366 1037 cum
390 996 566 1049 Syphace
586 995 714 1035 foedus
739 996 889 1034 faciunt
911 1008 972 1047 23.
1001 1008 1132 1035 eorum
1150 995 1339 1045 equitatus
1356 996 1440 1034 vim

216 1051 315 1091 citur
341 1065 362 1091 a
395 1051 508 1091 Rom.
537 1050 707 1100 equitatu
739 1064 799 1105 29.
832 1052 1036 1088 vincuntur
1058 1063 1079 1088 a
1101 1049 1282 1099 Scipione
1311 1062 1378 1100 3ο,
1402 1048 1440 1088 8.
1481 1085 1486 1093 ,

212 1105 389 1144 reficiunt
411 1117 538 1144 muros
561 1104 646 1143 suos
667 1106 701 1143 ὃς
716 1103 1012 1154 propugnaculis
1036 1114 1183 1142 armant
1198 1118 1234 1156 9.
1256 1110 1439 1142 revocant

211 1159 471 1200 Hannibalem
485 1190 496 1206 ‚
516 1159 602 1198 ibid.
628 1157 778 1196 classem
803 1158 914 1199 Rom.
935 1158 983 1196 ad
1001 1158 1155 1197 Uticam
1177 1157 1382 1204 invadunt,
1399 1158 1435 1196 Sc

212 1225 328 1253 naves
358 1212 537 1263 quasdam
561 1210 782 1251 abstrahunt
806 1225 864 1251 10.
897 1220 1033 1261 petunt
1054 1223 1190 1262 pacem
1222 1211 1280 1250 16.
1304 1224 1438 1250 eorum

212 1266 328 1318 legati
353 1276 528 1306 vetantur
550 1265 695 1315 ingredi
723 1265 886 1306 Romam
913 1279 974 1304 21.
1011 1277 1107 1314 paee
1132 1264 1272 1304 infet‘ta
1308 1265 1437 1303 dimit-

210 1329 345 1360 tuntur
361 1335 422 1374 23.
437 1321 610 1359 nondum
630 1319 744 1359 finitis
763 1319 928 1359 induciis
950 1320 1139 1369 diripiunt
1156 1318 1305 1358 classem
1322 1319 1437 1359 Rom.

214 1389 275 1423 24.
299 1388 429 1413 eorum
456 1374 641 1413 exercitus
666 1374 823 1412 caeditur
845 1387 865 1411 a
887 1374 1068 1423 Scipione
1094 1386 1163 1424 34,
1186 1386 1244 1425 35.
1270 1373 1316 1411 iis
1345 1385 1436 1411 con-

214 1428 378 1467 ditiones
414 1429 517 1478 pacis
548 1428 612 1466 dat
638 1428 766 1476 Scipio
793 1427 850 1478 36.
878 1439 937 1478 37.
967 1428 1185 1476 quingentae
1211 1439 1323 1465 naves
1348 1427 1438 1465 Car-

211 1481 504 1531 thaginiensium
522 1480 684 1520 incensa:
703 1493 766 1531 43.
791 1481 959 1530 primum
979 1480 1165 1519 tributum
1190 1480 1342 1519 solvunt
1360 1481 1436 1520 Ro-

210 1538 335 1575 manis
361 1549 432 1588 33,
463 1549 526 1588 45.
553 1534 698 1584 legatos
718 1535 879 1595 Romam
906 1535 1063 1573 mittunt
1088 1533 1315 1584 pollicentes
1347 1534 1434 1572 fru-

210 1600 385 1628 mentum
423 1594 458 1628 &
483 1589 669 1627 hordeum
695 1589 764 1639 36,
785 1604 822 1635 4.
853 1600 941 1626 cum
976 1588 1166 1627 Masinissa
1194 1589 1434 1627 contendunt

211 1644 261 1682 de
281 1657 371 1695 agro
390 1657 463 1692 40,
493 1657 550 1693 17.
578 1643 622 1680 iis
646 1656 667 1680 a
691 1642 877 1681 Romanis
904 1651 1061 1681 centum
1088 1642 1238 1682 obsides
1265 1642 1431 1689 redditi,

211 1701 246 1736 δε
270 1711 342 1746 pax
373 1710 461 1736 cum
487 1695 674 1737 Masiniffa
697 1697 794 1735 saera
820 1708 879 1747 34.
906 1698 1022 1736 noch}
1053 1697 1093 1734 in
1123 1696 1205 1736 aede
1225 1695 1430 1745 AEsculapii

209 1751 378 1790 senatum
403 1752 494 1790 dant
520 1751 650 1799 legatis
673 1749 790 1789 Persei
814 1764 859 1796 41
875 1782 887 1798 ,
904 1764 965 1802 27.
988 1749 1133 1800 legatos
1157 1751 1319 1789 Romam
1341 1752 1433 1788 mit-

208 1813 294 1843 tunt
309 1805 479 1854 questum
500 1805 548 1843 de
571 1804 758 1843 Mafinifl'a
776 1818 849 1852 42,
875 1819 933 1858 23.
953 1804 1040 1843 sunt
1062 1804 1246 1843 Romanis
1271 1803 1430 1857 suspecti

206 1858 279 1907 48,
309 1872 369 1911 23.
409 1858 637 1898 Masinissam
665 1859 762 1896 inter
793 1859 827 1896 Sc
857 1857 1184 1908 Carthaginienses
1215 1871 1342 1908 pugna
1366 1873 1429 1911 33-

208 1925 342 1952 eorum
369 1913 496 1951 clades
513 1913 678 1951 maxima
702 1916 735 1951 ὅ(
753 1912 912 1950 extremi
938 1913 1046 1950 exitii
1070 1911 1181 1951 causa
1213 1925 1271 1965 35.
1294 1925 1429 1950 eorum

201 1965 350 2017 ‚legatio
367 1969 406 2006 in
427 1966 556 2005 senatu
578 1967 709 2005 Romae
735 1965 829 2004 nihil
853 1965 985 2005 laetum
1010 1967 1120 2005 audit
1138 1981 1188 2018 49
1203 1997 1213 2012 ‚
1232 1981 1266 2004 2.
1297 1966 1344 2004 de
1364 1978 1432 2004 eo-

206 2034 289 2060 rum
318 2021 412 2060 urbe
435 2021 695 2060 exscindenda
718 2021 840 2069 agitur
861 2035 909 2066 4·
920 2020 1065 2059 bellum
1090 2021 1133 2059 iis
1158 2021 1375 2058 decernitur
1395 2032 1426 2070 5.

204 2075 251 2113 ad
276 2076 381 2125 quod
408 2075 523 2114 ambo
542 2073 715 2113 consules
734 2073 1023 2124 proficiscuntur
1041 2075 1075 2114 6.
1097 2072 1428 2124 Carthaginienses

203 2129 430 2177 quibusdam
463 2128 752 2168 conditionibus
777 2140 912 2178 pacem
939 2137 1075 2178 petunt
1101 2143 1138 2178 7.
1169 2141 1301 2166 eorum
1331 2127 1430 2166 deli-

202 2182 350 2221 beratio
377 2196 414 2234 9.
440 2192 630 2222 trecentos
651 2182 799 2221 obsides
823 2182 1006 2221 Romanis
1028 2184 1185 2221 mittunt
1203 2195 1261 2220 10.
1291 2194 1425 2220 eorum

203 2233 344 2285 legatio
366 2238 414 2274 ad
443 2237 613 2276 consules
641 2250 700 2276 11.
727 2235 938 2286 legatorum
967 2236 1089 2275 oratio
1111 2250 1167 2274 12.
1189 2235 1335 2275 bellum
1356 2235 1424 2274 fibi

203 2290 280 2328 sine
306 2289 416 2329 causa
442 2290 597 2337 inferri,
624 2300 829 2340 queruntur
852 2304 910 2343 13.
953 2291 991 2330 L.
1019 2290 1188 2330 Marcius
1218 2289 1424 2338 respondet

204 2357 264 2390 14.
292 2344 340 2382 de
369 2343 599 2393 Carthagine
632 2345 816 2383 diruenda
845 2345 917 2383 alia
945 2345 1207 2384 Romanorum
1236 2341 1423 2392 postulata

204 2399 264 2437 16.
289 2410 418 2436 eorum
446 2398 556 2436 dolor
577 2411 636 2443 17.
663 2399 865 2438 Hannonis
886 2398 1109 2436 miserabilis
1125 2396 1344 2443 deprecatio
1359 2394 1420 2434 18.

149 2481 151 2483 .
203 2451 245 2492 L.
270 2451 405 2494 Marcii
440 2452 629 2502 responsio
661 2468 720 2499 24.
745 2452 859 2503 legati
892 2449 1219 2502 Carthaginienses
1244 2457 1379 2501 petunt
1402 2462 1425 2489 a

1113 2507 1192 2566 ¹³3
