1638 2755
307 153 894 204 HISTORIARUM
941 151 1249 198 LIBROS:

137 266 338 308 Ariminum
361 278 404 304 21
420 295 431 313 ‚
459 277 517 316 51.
544 276 616 309 24,
637 275 699 308 44.
724 273 766 312 31
783 289 794 305 .,
823 270 892 303 10,
917 270 978 296 20.
1013 269 1035 296 a
1062 257 1252 297 Placentia
1279 256 1413 298 Arim-i-

192 333 283 359 num
308 319 406 356 viam
431 316 614 368 perduxit
638 315 693 354 M.
716 312 891 353 AEmilius
913 310 989 351 cos.
1021 323 1093 363 39,
1120 327 1154 350 2.
1175 312 1332 351 Arimini
1348 326 1417 351 no-

195 376 300 413 mine
326 372 518 422 provincia
542 368 664 408 Gallia
685 367 875 406 indicatur
899 364 967 413 28,
996 365 1066 417 38,
1086 364 1149 413 46.
1183 378 1255 417 29,
1291 381 1325 419 5,
1352 377 1416 404 oc-

198 436 356 478 cupatur
380 439 399 463 a
427 425 569 465 Caesare
594 436 694 474 109,
723 434 782 474 39.

141 483 404 532 Ariobarzanes
426 493 446 517 a
474 478 603 516 senatu
629 473 882 525 Cappadociae
903 486 969 511 rex
995 471 1235 511 constituitur
1250 486 1322 521 70,
1345 479 1421 521 444

195 535 260 583 48.
291 536 330 572 in
356 546 445 571 eum
469 532 676 577 Tigranem
703 529 873 565 concitat
892 526 1135 570 Mithridates
1158 540 1223 578 49'·
1244 526 1422 565 Ariobar-

195 600 310 629 zanes
331 585 493 625 Romam
517 581 614 630 fugit
629 581 738 627 ‚ibid.
761 579 937 617 reductus
959 591 978 615 a
993 579 1096 617 Sulla
1118 592 1184 617 rex
1206 578 1419 629 appellatur

201 650 261 689 50.
286 638 322 676 &
345 638 383 673 in
401 647 564 685 regnum
589 634 785 672 reducitur
805 647 881 683 74,
908 645 964 672 12.
990 632 1120 669 denuo
1138 632 1185 669 ab
1205 630 1425 675 Ariarathe„¹

197 691 280 731 filio
314 688 575 734 Mithridatis,
612 700 728 737 regno
758 685 962 736 expellitur
988 686 1067 735 76,
1099 697 1162 732 41.
1191 684 1232 722 in
1261 694 1423 734 regnum

200 743 407 784 restituitur
431 756 452 781 a
472 740 574 782 Sulla
602 741 675 793 83,
702 755 761 793 29.
786 742 868 789 ejus
890 739 1044 778 adversa
1069 740 1104 778 &
1128 737 1303 788 prospera
1326 750 1423 784 101,

207 798 267 836 1'6.
286 797 319 834 ei
345 805 492 845 partem
513 796 695 834 Armeniae
715 794 894 841 minoris,
917 793 1110 831 ademtam
1133 792 1342 841 Dejotaro‚
1356 790 1423 828 dat

203 849 323 890 Caesar
346 861 442 898 113,
467 849 502 886 8.
532 849 580 887 ab
607 844 800 890 equitibus
824 844 937 882 Caffii
966 845 1157 883 occiditur
1185 859 1252 884 121
1268 875 1280 893 ‚
1304 844 1367 883 28.

148 903 314 941 Ariorum
342 901 447 940 sedes
480 910 577 943 104,
603 908 664 935 2ο.

150 953 380 1004 Ariovistus,
403 953 614 991 Suevorum
637 961 724 996 rex,
749 947 977 986 conciliatur
995 947 1126 985 Caesari
1155 959 1224 993 103
1241 975 1253 994 ,
1275 959 1338 998 97.
1367 951 1430 991 ab]

205 1008 323 1047 fec‘tat
345 1005 550 1055 imperium
575 1002 705 1041 Galliae
736 1015 832 1050 104,
866 1015 898 1040 1.
927 1001 1057 1040 Caesari
1086 1001 1247 1050 superbe
1273 1000 1429 1049 respon..

209 1063 274 1100 det
308 1075 344 1100 2.
382 1060 430 1098 ad
460 1069 548 1095 eum
582 1056 687 1095 ducit
712 1055 831 1095 Caesar
862 1068 893 1107 3.
928 1054 1164 1104 colloquium
1194 1055 1362 1093 Ariovisti
1389 1056 1428 1093 &-

208 1114 360 1155 Caesaris
391 1126 450 1166 3¹·
479 1110 666 1150 dirimitur
689 1124 752 1164 32.
787 1110 906 1148 vincit
927 1108 1069 1159 legatos
1095 1107 1249 1148 Caesaris
1276 1123 1337 1161 33.
1359 1121 1429 1158 ορ..

208 1180 354 1220 pugnat
379 1166 495 1205 castra
516 1165 628 1204 Rom.
656 1178 718 1218 35.
744 1162 924 1213 proelium
952 1163 1160 1202 committit
1188 1163 1246 1216 36.
1265 1162 1428 1201 vincitur

157 1237 371 1330 Ahssaemu,
395 1281 532 1325 praetor
558 1271 786 1312 Achaeorum
812 1284 882 1324 32,
914 1284 974 1322 19.
1002 1270 1159 1319 ejusque
1188 1270 1235 1308 ad
1268 1268 1430 1309 Achaeos

213 1331 336 1371 oratio
365 1343 414 1368 20
435 1331 469 1367 δ’
491 1341 551 1366 21.
580 1327 787 1364 comitatur
816 1325 1041 1377 Quinctium
1064 1326 1102 1362 in
1124 1323 1317 1373 colloquio
1339 1335 1431 1363 cum

213 1396 302 1434 rege
329 1382 505 1432 Philippo
532 1394 588 1433 32.
614 1379 748 1418 suadet
771 1379 932 1425 Boeotis,
958 1388 1001 1417 ut
1026 1378 1061 1416 se
1088 1378 1271 1417 Romanis
1294 1377 1431 1426 adjun-

215 1447 305 1490 gant
332 1449 404 1489 33,
425 1451 458 1474 2.
496 1433 651 1483 castigat
674 1432 888 1473 AEtolorum
919 1431 1241 1481 vaniloquentiam
1270 1446 1342 1484 34,
1367 1445 1432 1479 24.

215 1494 380 1532 occurrit
408 1488 590 1539 Quinctio
617 1486 694 1525 cos.
721 1498 810 1525 cum
843 1487 979 1524 decem
1007 1485 1176 1525 millibus
1205 1485 1434 1524 Achaeorum

217 1550 254 1587 δε
280 1544 470 1594 equitibus
499 1540 606 1579 mille
626 1553 686 1592 25.

163 1601 384 1653 Aristarchus
410 1595 640 1637 Tarentinus
659 1593 848 1644 suspectus
874 1592 1039 1644 Pyrrho,
1068 1595 1103 1632 &
1128 1594 1168 1631 in
1194 1593 1348 1643 Epirum
1371 1605 1437 1631 na.

216 1655 342 1704 vigare
356 1651 486 1700 jussus,
502 1650 621 1689 flectit
642 1648 711 1687 iter
723 1648 889 1688 Romam
902 1679 913 1697 ‚
927 1648 1056 1698 ibique
1070 1647 1251 1697 recipitur
1262 1648 1302 1685 in
1317 1647 1436 1688 fidem

224 1723 270 1747 12
325 1721 345 1745 2
376 1736 384 1744 .

165 1720 390 1812 Ariftaiclnis
420 1757 574 1798 Colchis
600 1770 621 1796 a
647 1758 832 1808 Pompejo
857 1768 923 1795 rex
944 1755 1055 1794 datus
1088 1769 1180 1803 102,
1202 1754 1239 1795 8.

167 1811 320 1865 Ari'JZias
341 1822 451 1852 vocat
473 1811 654 1862 Ryrrhum
677 1812 725 1850 ad
751 1810 1024 1860 opprimendos
1045 1810 1225 1848 inimicos
1259 1819 1329 1858 14,
1347 1817 1413 1859 42.'

175 1864 337 1921 Aristidis
363 1867 518 1917 pictoris
539 1878 635 1915 opus
661 1864 865 1915 pretiosum
895 1877 940 1916 52
957 1893 968 1909 ,
1000 1863 1058 1903 18.

170 1924 322 1976 Aristzo,
344 1920 534 1972 sophista,
556 1920 603 1958 ab
616 1918 904 1959 Atheniensibus
932 1916 1080 1968 legatus
1104 1917 1153 1956 ad
1167 1915 1437 1957 Mithridatem

222 1977 386 2016 mittitur
417 1975 495 2025 78,
528 1988 591 2021 40.
627 1975 792 2022 benigne
822 1982 1002 2022 exceptus
1040 1984 1128 2010 cum
1164 1984 1303 2020 magno
1341 1971 1441 2010 fastu

224 2030 395 2071 Athenas
418 2030 513 2067 redit
527 2042 573 2075 41
590 2028 624 2067 6·
638 2041 701 2075 42.
721 2028 948 2066 concionem
966 2026 1015 2065 ad
1038 2024 1226 2075 populum
1244 2024 1361 2062 habet
1377 2039 1442 2072 44,

224 2085 273 2123 ab
304 2082 591 2122 Athenienfibus
615 2090 752 2130 praetor
779 2091 926 2118 creatur
949 2080 1012 2128 48.
1046 2080 1176 2129 arripit
1201 2078 1442 2130 tyrannidem

225 2153 289 2190 49.
320 2136 396 2186 ipse
416 2135 610 2175 accusator
639 2135 813 2183 &judex
843 2146 900 2185 50.
932 2133 1086 2173 Athenis
1114 2146 1134 2171 a
1152 2133 1257 2172 Sulla
1278 2131 1444 2171 obsessus

225 2191 429 2229 familiares
457 2190 543 2228 suos
574 2190 622 2228 de
644 2200 738 2238 paee
765 2188 884 2226 mittit
906 2189 953 2226 ad
980 2187 1123 2227 Sullam
1149 2186 1220 2231 81,
1253 2201 1313 2239 29.
1344 2185 1446 2224 stoli-

228 2245 277 2282 da
305 2256 438 2282 eorum
460 2245 582 2282 oratio
609 2256 667 2295 30.
698 2242 927 2292 expugnatis
955 2241 1111 2280 Athenis
1131 2240 1229 2289 fugit
1249 2241 1290 2277 in
1311 2251 1439 2278 arcem

229 2310 293 2346 45.
324 2298 512 2335 extractus
535 2310 556 2335 a
575 2295 679 2336 Sulla
703 2308 892 2334 venenum
912 2295 1041 2334 bibere
1057 2294 1206 2344 cogitur
1221 2293 1291 2339 82,
1312 2306 1375 2332 21.

179 2352 378 2403 Aristippus
400 2359 513 2388 vocat
531 2350 762 2400 Antigonum
780 2349 829 2388 ad
852 2349 1147 2400 opprimendam
1173 2346 1368 2387 adversam
1392 2345 1451 2386 fa.

180 2418 182 2421 ’
233 2406 399 2444 ctionem
431 2418 503 2451 14,
525 2417 587 2451 42.

180 2460 323 2513 Aristo,
346 2461 448 2498 actor
470 2458 635 2509 tragicus
659 2471 737 2508 24,
761 2470 822 2506 24.
