1638 2755
276 154 853 207 HISTORIARUM
896 151 1198 199 LIBROS.

162 265 291 306 secum
330 266 515 314 Ardeam,
548 264 632 303 ibid.
670 258 908 311 concupiscit
943 259 1082 307 Vejos,
1114 254 1376 297 obsistentibus

166 321 414 371 optimatibus
438 333 482 372 5,
499 332 559 366 24.
579 317 754 365 conjecto
776 315 815 352 in
829 324 1019 352 carcerem
1047 312 1192 351 Manlio
1208 342 1217 357 ‚
1239 309 1378 348 vestem

167 384 293 414 mutat
306 375 353 422 6,
371 373 429 413 16.
449 372 635 423 praedatur
652 382 781 419 agrum
795 368 906 407 Rom.
929 380 988 405 21.
1005 366 1169 415 impedit
1188 363 1380 402 delectum

172 443 234 481 32.
258 440 356 467 nexu
380 425 558 465 liberatur
582 432 735 475 propter
757 421 894 470 Papirii
922 420 1164 458 foeneratoris
1181 417 1381 455 libidinem

168 483 219 529 8,
242 482 301 520 28.
334 493 405 519 aere
437 479 560 518 alieno
590 474 785 527 oppressa,
813 473 957 524 flagitat
987 485 1103 512 novas
1135 471 1283 510 tabulas
1313 482 1382 515 11,

172 550 236 583 24.
261 534 404 573 secedit
441 533 479 571 in
515 530 734 580 Janiculum
765 530 824 569 26.
859 528 943 578 lege
972 526 1170 567 Hortensia
1203 524 1300 563 redit
1333 521 1385 562 ad

170 588 269 627 lares
294 588 376 627 suos
403 601 462 636 27.
493 588 527 625 Sc
551 586 590 623 in
613 596 723 634 agros
746 583 819 631 28,
844 595 901 620 11.
931 580 1054 631 plebis
1085 579 1299 618 adulatores
1332 589 1380 627 3,

172 643 248 689 66,
267 643 330 691 67.
361 639 549 691 principes
583 637 722 676 secreta
747 635 899 675 consilia
925 636 1071 685 agitant
1091 649 1136 681 4,
1162 647 1222 685 25.
1249 631 1388 669 conci-

173 696 268 734 lium
289 697 332 741 6,
362 693 419 745 38.
457 692 561 743 plebi
586 690 740 741 septena
768 692 897 739 jugera
928 687 1128 737 Vejentani
1158 685 1237 736 agri
1268 682 1386 723 divisa

175 763 221 801 5,
256 761 310 799 30.
334 748 384 786 ob
409 760 456 786 aes
475 746 643 785 alienum
671 743 772 783 deest
799 744 946 788 animus
973 742 1021 780 ad
1048 739 1294 790 capessendos
1321 749 1390 787 pe-

173 801 383 850 tendosque
411 799 585 851 plebeios
612 797 848 848 magistratus
882 798 927 841 6,
966 808 1022 847 34.
1058 807 1106 833 ex
1140 793 1253 844 plebe
1278 790 1391 830 inuiti

171 857 274 893 fame
303 856 426 894 coacti
451 853 638 904 capitibus
663 850 855 890 obvolutis
882 849 918 889 se
947 850 989 887 in
1017 847 1187 888 Tiberim
1220 845 1392 898 praecipi·

171 918 254 947 tant
279 925 324 957 4,
353 922 410 947 12.

118 962 256 1015 Plebeji
278 962 515 1011 magistratus
539 969 580 998 ut
604 959 756 998 tributis
786 957 951 996 comitiis
979 955 1094 1003 fiant,
1115 954 1176 993 lex
1201 954 1319 992 fertur
1345 967 1390 999 2,

178 1019 237 1071 56.
263 1015 404 1065 plebeji
433 1013 581 1053 nobiles
610 1013 767 1063 quidam
784 1043 794 1059 ,
822 1014 856 1050 ὁὶ
879 1010 1021 1060 plebeji
1043 1021 1127 1047 vere
1146 1008 1289 1058 plebeji
1319 1020 1390 1054 22,

177 1068 389 1122 35.plebeji
412 1067 612 1119 quaestores
629 1066 741 1117 primi
755 1081 801 1114 4,
826 1080 884 1118 54.
904 1063 1044 1114 plebeji
1070 1062 1251 1101 senatoris
1271 1061 1394 1110 prima

173 1124 278 1173 apud
295 1123 374 1162 Liv.
392 1122 535 1161 mentio
553 1136 597 1174 5,
619 1134 675 1159 12.
693 1119 932 1170 plebejorum
955 1120 989 1157 δ’(
1007 1117 1253 1167 patriciorum
1276 1127 1394 1163 quan-

177 1178 228 1216 do
255 1177 294 1214 in
318 1176 482 1215 comitiis
510 1182 677 1224 aequatus
704 1185 882 1212 numerus
899 1172 948 1218 6,
984 1185 1039 1222 30.
1070 1169 1394 1221 plebejus‘tribu·

174 1243 247 1269 nus
286 1229 396 1269 milit.
432 1228 617 1268 consulari
644 1227 827 1278 potestate
854 1225 996 1275 primus
1031 1239 1075 1277 5,
1103 1237 1159 1261 12.
1190 1222 1271 1272 post
1297 1234 1396 1271 qua-

176 1285 351 1333 draginta
379 1291 540 1333 quatuor
567 1294 685 1320 annos
712 1294 731 1320 a
752 1280 835 1331 lege
852 1278 1033 1326 Canuleja
1063 1278 1108 1322 6,
1134 1289 1192 1328 37.
1220 1275 1392 1325 magister

177 1339 350 1387 equitum
382 1351 439 1391 39.
466 1335 543 1376 cos.
577 1351 638 1383 42.
664 1335 699 1372 G*
723 1349 771 1385 7,
799 1348 830 1372 1.
869 1334 931 1382 qui
957 1332 1029 1370 suis
1055 1330 1229 1380 auspiciis
1253 1328 1396 1368 bellum

177 1390 324 1442 gesserit
347 1392 448 1438 7,6.
475 1391 636 1429 dictator
667 1402 726 1439 17.
751 1387 882 1426 censor
909 1401 970 1426 22.
995 1394 1131 1435 praetor
1154 1385 1175 1422 8
1192 1416 1202 1430 ‚
1226 1397 1282 1436 15.
1315 1382 1394 1431 pie-

175 1445 255 1494 beji
284 1445 398 1484 ambo
427 1443 600 1483 consules
631 1441 741 1492 primi
777 1454 849 1493 23,
877 1454 939 1493 31.
969 1439 1112 1488 plebeji
1151 1438 1199 1475 ad
1239 1437 1398 1475 aedilita-

178 1507 259 1537 tem
285 1498 453 1538 curulem
478 1496 624 1536 admissi
659 1510 710 1545 7,
744 1508 774 1532 1.
807 1493 948 1544 plebeji
980 1491 1183 1531 decemviri
1212 1491 1321 1530 sacris
1346 1490 1400 1527 fa-

181 1554 331 1591 ciundis
354 1554 402 1599 6,
430 1566 477 1605 37
496 1551 530 1588 ὅ*
558 1564 620 1600 4¹·
648 1550 696 1588 ad
724 1547 991 1599 pontificatum
1018 1547 1053 1585 ὁ(
1077 1555 1303 1595 auguratum
1332 1544 1398 1582 ad·-

179 1606 276 1645 missi
307 1619 379 1653 10,
399 1607 514 1658 6—9.
913 1622 916 1625 ⁴
962 1627 968 1634 -

125 1661 346 1711 Plebiscitum
368 1657 513 1697 nulium
530 1687 542 1703 ,
568 1656 633 1696 nisi
654 1669 701 1696 ex
723 1654 943 1695 auctoritate
966 1653 1115 1692 senatus
1131 1682 1141 1699 ,
1164 1651 1321 1702 perferri
1337 1663 1401 1700 pa-

180 1714 322 1753 tiuntur
346 1713 487 1752 tribuni
511 1711 630 1762 plebis
662 1727 710 1759 4,
733 1724 795 1762 49.
822 1718 884 1757 ut,
906 1708 930 1747 si
957 1707 1013 1747 M.
1036 1706 1169 1746 Furius
1193 1718 1261 1755 pro
1283 1705 1401 1744 dicta·

177 1776 262 1805 tore
303 1767 393 1816 quid
422 1766 573 1816 egisset,
608 1764 858 1815 quingentum
896 1761 1058 1800 millium
1083 1760 1164 1799 aeris
1192 1760 1226 1798 ei
1255 1758 1398 1797 mulera

180 1820 270 1859 effer
294 1822 338 1868 6,
366 1819 425 1870 38.
442 1832 489 1858 ne
513 1820 593 1869 quis
611 1818 776 1857 eundem
796 1816 1049 1865 magistratum
1066 1815 1160 1853 intra
1186 1813 1319 1852 decem
1338 1825 1402 1850 an-

179 1887 250 1914 nos
284 1874 409 1923 capiat
433 1887 482 1921 7,
511 1888 572 1921 42.
607 1873 654 1910 de
687 1870 894 1910 duumviris
924 1868 1119 1907 navalibus
1155 1867 1327 1906 creandis
1352 1879 1401 1918 9,

183 1942 246 1982 30.
282 1928 329 1966 de
354 1928 539 1966 dicstatore
567 1926 730 1965 dicendo
757 1939 835 1974 27,
870 1938 902 1976 5.
929 1923 977 1962 de
1001 1922 1206 1971 Campanis
1239 1920 1309 1967 26,
1338 1932 1400 1972 33.

185 1982 233 2020 de
261 1980 460 2031 Liguribus
492 1994 566 2029 42,
594 1993 657 2018 21.
694 1988 734 2017 ut
757 1990 845 2017 cum
868 1976 977 2017 sociis
1012 1989 1056 2014 ac
1084 1975 1239 2013 nomine
1266 1974 1401 2013 Latino

181 2037 354 2085 pecuniae
381 2035 532 2073 creditae
551 2036 610 2083 jus
627 2033 728 2072 idem
746 2064 757 2080 ,
782 2032 886 2082 quod
908 2042 994 2069 cun]
1019 2030 1164 2068 civibus
1186 2028 1294 2068 Rom.
1311 2027 1402 2066 effet

183 2103 230 2180 {5
246 2118 257 2136 ,
283 2103 320 2139 7.
345 2098 387 2126 ut
410 2088 550 2127 tribuni
576 2086 697 2137 plebis
723 2086 912 2124 senatores
936 2083 1051 2123 effent
1081 2097 1150 2137 59,
1180 2095 1238 2135 54.
1254 2094 1300 2120 ex
1317 2080 1400 2131 pie-

213 2141 317 2180 iscito
337 2141 487 2180 senatus
512 2153 645 2190 pacem
671 2140 840 2179 decernit
866 2153 936 2193 30,
963 2151 1025 2189 43.
1048 2136 1131 2187 lege
1154 2146 1310 2174 cautum
1325 2165 1337 2180 ,
1360 2142 1402 2172 ut

185 2194 381 2244 plebiscita
409 2207 540 2233 omnes
563 2194 731 2243 Quirites
761 2201 935 2232 tenerent
966 2204 1006 2244 3,
1037 2203 1094 2244 55.
1120 2189 1169 2238 8,
1194 2203 1252 2228 12.
1277 2187 1401 2239 plebi-

182 2249 285 2287 scitis
315 2261 362 2286 an
383 2256 581 2286 teneantur
608 2248 731 2286 Patres
747 2248 765 2285 ⁶?
795 2259 836 2297 3,
862 2259 921 2298 55.

130 2302 260 2354 Plejae,
281 2300 343 2339 seu
369 2301 496 2351 potius
522 2302 634 2347 Boeae,
657 2299 763 2339 locus
794 2301 835 2338 in
856 2298 1043 2338 Laconica
1074 2308 1120 2350 35
1138 2327 1151 2344 ,
1178 2310 1240 2345 27.

132 2358 180 2408 Q.
210 2355 421 2401 Pleminius,
441 2362 663 2403 propraetor,
690 2354 794 2402 capit
819 2365 935 2390 unam
960 2363 1006 2390 ex
1029 2350 1178 2389 arcibus
1192 2349 1400 2388 Locrorum

186 2423 257 2460 29,
286 2409 321 2448 6.
348 2408 474 2447 Locris
503 2408 550 2446 ad
575 2407 757 2446 tuendam
786 2405 917 2444 urbem
940 2403 1201 2452 relinquitura
1222 2402 1401 2450 Scipione

182 2461 217 2502 8,
245 2464 325 2512 ejus
349 2461 552 2505 crudelitas
576 2462 609 2500 ἃς
637 2459 813 2509 avaritia,
842 2459 925 2499 ibid.
961 2456 1187 2508 Proserpinae
1213 2455 1404 2495 thesauros
