1638 2755
312 134 892 200 msToRiARuM
932 142 1235 193 meaos.

194 259 338 312 plinam
374 257 583 308 corrumpit
606 269 663 307 37.
695 254 870 294 Asiaticos
894 250 1090 301 principes·
1108 249 1266 298 graviter
1285 248 1412 286 incress

197 325 265 365 pat
291 314 348 365 38.
371 312 491 361 iisque
517 311 697 348 mulctam
721 305 884 356 imponit
903 318 965 352 4¹·
991 304 1141 353 navigat
1174 302 1412 349 Atherias43.

197 376 365 408 tentatur
386 364 517 404 dolore
543 364 685 414 pedum
710 362 772 409 46.
797 361 876 408 ejus
906 358 1086 396 mandata
1106 357 1153 395 ad
1180 355 1350 399 senatum
1377 356 1414 391 &s

201 421 440 463 conditiones
480 416 676 468 propofitae
715 414 790 462 84,
822 427 864 459 1,
893 426 927 450 2.
963 411 1290 450 Carbonianorum
1327 420 1417 456 erga.

159 506 162 510 .
200 474 345 516 Sullam
367 473 544 522 iniquitas
571 482 602 522 3.
628 469 776 508 senatus
809 468 844 505 ei
872 465 1015 505 bellum
1044 465 1237 510 decernit,
1259 461 1417 510 ejusque

201 530 284 569 acta
316 526 537 566 accusantur
565 536 708 572 4—10.
742 522 790 560 ad
821 533 909 558 eum
936 518 1079 568 satyrus
1115 517 1318 556 adducitur
1357 528 1419 552 12.

201 582 286 621 suos
324 578 566 629 jurejurando
600 576 795 625 adstringit
827 587 888 626 29.
924 574 1004 621 ejus
1040 572 1088 610 ad
1119 570 1255 609 milites
1296 567 1418 607 oratio

205 649 265 688 30.
295 636 333 674 in
359 632 505 672 Italiam
537 631 677 679 trajicit
708 629 778 681 85,
818 642 848 666 1.
886 627 933 665 ad
973 639 1058 664 eum
1096 623 1276 664 Metellus
1313 622 1418 659 venit

203 701 293 728 cum
317 686 461 736 copiis,
494 686 579 723 ibid.
617 683 730 734 legati
765 681 878 723 Sullae
912 693 933 718 a
957 680 1140 720 Norbano
1173 676 1361 715 violantur
1387 688 1423 715 2.

205 741 308 782 Sulla
334 740 453 777 vincit
492 730 716 778 Norbanum
756 751 790 790 3.
816 736 863 774 de
888 746 982 784 pace
1007 734 1112 782 cupit
1142 730 1309 780 colloqui
1333 740 1423 767 cum

204 794 384 845 Scipione
414 793 449 839 8.
485 793 532 831 ab
566 805 610 830 eo
640 790 893 840 corrumpitur
920 791 1109 826 exercitus
1139 785 1328 835 Scipionis
1361 795 1422 820 10.

205 849 254 888 ad
285 860 373 887 eum
399 847 504 886 venit
534 846 736 895 pompejus
766 858 824 894 17.
864 841 1041 881 nobilitas
1072 841 1119 879 ad
1144 839 1287 880 Sullam
1320 837 1426 874 venit

208 917 268 941 22.
301 903 382 949 ejus
420 900 562 938 fiducia
592 899 663 945 86,
689 914 724 946 4.
758 899 796 936 in
826 895 969 935 Volscis
1001 895 1143 935 Setiam
1168 893 1270 942 capit
1290 891 1368 941 87,
1396 903 1426 928 1.

208 968 297 994 eum
323 964 504 1004 provocat
527 953 697 1000 Marius,
723 952 807 990 ibid.
833 952 866 989 ὅ»
892 965 926 989 2.
956 950 1073 987 vincit
1090 948 1255 987 Marium
1277 961 1311 999 3.
1334 943 1431 982 obsi-

193 1010 278 1059 >det
310 1008 486 1048 Praeneste
523 1006 559 1045 8.
593 1007 759 1046 Romam
801 1005 907 1042 venit
947 1017 1002 1041 11.
1035 1004 1118 1050 ejus
1155 1000 1299 1045 oratio,
1342 999 1430 1035 ibid.

210 1072 343 1101 contra
361 1061 575 1101 Carbonem
598 1070 729 1098 movet
756 1073 812 1109 ¹7·
841 1056 975 1107 proelio
1004 1056 1162 1105 ancipiti
1189 1054 1348 1092 dimicat
1372 1051 1432 1089 18.

209 1116 373 1167 impedit
405 1114 673 1164 Damasippum
702 1112 950 1151 liberaturum
985 1110 1163 1150 Praeneste
1189 1107 1263 1153 88,
1301 1119 1332 1157 3.
1358 1104 1433 1143 Ro-

210 1184 314 1214 mam
335 1169 496 1210 accurrit
516 1168 629 1208 militi
658 1170 692 1207 &
716 1167 875 1205 fortunae
900 1164 1060 1203 confisus
1084 1176 1225 1214 7—11.
1250 1159 1430 1210 proelium

214 1224 427 1264 committit
454 1237 511 1263 12.
536 1225 618 1271 ejus
647 1220 857 1271 periculum
883 1232 940 1271 13.
968 1222 1002 1258 ὅ(
1031 1218 1112 1267 post
1136 1216 1338 1264 ancipitem
1358 1225 1435 1262 pu-

214 1290 329 1328 gnam
353 1276 507 1315 victoria
537 1289 594 1324 14.
629 1274 710 1325 post
734 1275 931 1314 victoriam
960 1280 1082 1311 mutat
1113 1282 1235 1309 mores
1266 1281 1324 1317 15.
1351 1268 1432 1314 ejus

214 1331 392 1372 immanis
428 1329 628 1370 crudelitas
663 1328 719 1367 16.
764 1329 879 1366 etiam
908 1327 945 1364 in
982 1325 1131 1364 deditos
1171 1338 1228 1373 17.
1258 1333 1330 1359 vox
1359 1322 1441 1368 ejus

214 1383 527 1424 truculentissima
556 1382 612 1423 18.
643 1381 864 1433 proscriptio
895 1379 1074 1425 Sullana,
1100 1380 1134 1418 ὁὶ
1161 1378 1294 1426 ingens
1320 1375 1434 1412 etiam

217 1452 285 1490 per
323 1437 471 1478 Italiam
496 1437 543 1475 ab
574 1449 619 1475 eo
648 1435 829 1476 caesorum
865 1446 1044 1472 numerus
1083 1446 1126 1470 21
1146 1441 1269 1481 —23.
1299 1427 1434 1467 Felicis

218 1504 433 1543 cognomen
458 1490 611 1537 assumit
637 1503 695 1542 32.
723 1491 829 1527 venit
850 1487 1026 1527 Praeneste
1048 1499 1106 1538 33.
1135 1484 1265 1533 ibique
1286 1483 1335 1520 ad
1356 1480 1440 1519 mil-

218 1546 269 1585 lia
299 1545 505 1584 duodecim
536 1545 755 1583 deditorum
780 1541 960 1581 interficit
993 1553 1050 1591 34.
1080 1538 1252 1576 civitates
1275 1537 1435 1583 integras

219 1597 381 1639 mulctat
422 1600 458 1639 &
491 1598 602 1648 punit
632 1611 689 1650 35.
720 1598 768 1636 de
807 1609 853 1634 eo
879 1593 1143 1633 interficiendo
1172 1590 1317 1640 cogitat
1346 1588 1437 1627 Cato

218 1666 312 1704 puer
340 1651 400 1705 36.
425 1661 571 1692 creatur
596 1652 758 1691 (liciator
781 1659 986 1699 perpetuus
1017 1647 1089 1701 89,
1113 1645 1148 1684 8.
1176 1643 1279 1694 leges
1303 1642 1439 1680 multas

222 1708 296 1747 fert
322 1715 388 1745 aut
411 1706 521 1744 refert
542 1720 577 1759 9.
598 1705 735 1744 minuit
760 1703 999 1743 tribuniciam
1025 1699 1247 1750 potestatem
1281 1710 1337 1734 11.
1353 1695 1440 1745 supa

223 1760 304 1811 piet
335 1759 529 1807 senatum,
557 1761 642 1797 ibid,
674 1757 975 1808 proscriptorum
1003 1754 1130 1792 liberis
1166 1754 1224 1800 jus
1252 1749 1441 1788 honorum

223 1814 476 1865 petendorum
511 1813 633 1852 aufert
668 1825 727 1852 12.
763 1812 812 1861 Q.
843 1811 1062 1850 Lucretium
1096 1805 1223 1846 occidi
1248 1804 1356 1853 jubet
1384 1815 1438 1853 13..

223 1877 332 1907 atrox
370 1869 452 1916 ejus
493 1866 621 1906 fabula
656 1880 714 1914 14.
750 1863 961 1914 triumphat
993 1864 1039 1900 de
1076 1859 1298 1900 Mithridate
1321 1889 1333 1906 ‚
1364 1857 1444 1898 ibic'.

223 1919 408 1971 triumphi
433 1919 547 1969 hujus
569 1933 712 1970 pompa
739 1933 797 1973 15.
824 1926 978 1957 revocat
1002 1916 1227 1964 Pompejum
1253 1925 1299 1950 ex
1319 1910 1442 1950 Africa

223 1989 286 2016 22.
319 1974 529 2013 secundum
558 1973 632 2012 cos.
667 1981 814 2011 creatur
845 1986 905 2019 24.
937 1969 1091 2009 honoris
1123 1966 1232 2007 causa
1261 1965 1441 2013 Pompejo

225 2028 394 2067 occurrit
410 2027 508 2068 26&
525 2043 585 2078 27.
608 2026 711 2066 Sulla
737 2027 901 2076 privatus
929 2037 974 2063 ex
999 2024 1183 2062 dictatore
1213 2034 1271 2075 37.
1290 2020 1324 2056 ei
1349 2030 1448 2055 con·

226 2082 386 2120 viciatur
414 2080 533 2122 Caesar
554 2080 771 2120 adolescens
801 2092 846 2132 39
872 2078 907 2117 6³
929 2092 992 2126 40.
1025 2079 1107 2124 ejus
1131 2088 1205 2114 vox
1229 2074 1276 2113 de
1301 2071 1442 2121 Lepido

226 2149 288 2182 42.
318 2134 471 2173 morbus
503 2135 584 2182 ejus
610 2133 836 2183 pedicularis
860 2146 930 2184 90,
963 2145 996 2170 1.
1015 2143 1137 2169 rerum
1174 2127 1322 2167 suarum
1347 2137 1445 2162 com-

227 2188 426 2226 mentariis
446 2189 663 2227 immoritur
689 2189 756 2239 36³
774 2202 810 2235 4.
847 2185 1029 2234 exsequiae
1058 2198 1091 2236 5.
1117 2185 1151 2223 Sc
1172 2193 1314 2232 pompa
1337 2179 1441 2218 fune-

231 2240 305 2279 bris
333 2242 369 2279 6.
393 2241 496 2279 Sulla
527 2253 593 2279 cur
619 2240 779 2279 voluerit
803 2240 988 2278 cremari?
1010 2238 1046 2276 8.
1077 2275 1079 2278 ,
1322 2240 1327 2243 ’

177 2296 233 2334 Μ.
254 2294 425 2332 cornelius
450 2295 611 2345 Cethegus
634 2295 674 2332 in
699 2294 740 2333 L.
764 2292 929 2333 Cornelii
955 2289 1105 2331 Lentuli
1129 2288 1319 2339 pontificis
1341 2298 1436 2325 max.

228 2347 359 2386 locum
395 2346 571 2395 pontifex
607 2354 754 2385 creatur
791 2359 862 2397 25,
887 2360 921 2384 2.
947 2345 1062 2384 habet
1096 2343 1250 2381 comitia
1275 2337 1440 2391 pontfici

229 2413 332 2439 max.
361 2399 525 2438 creando
559 2412 590 2451 5.
628 2408 791 2448 praetor,
820 2399 971 2437 sortitur
1005 2396 1182 2446 Apuliam
1215 2408 1279 2442 41.
1308 2391 1439 2433 Siciliae

228 2467 287 2499 res
321 2453 555 2494 administrat
584 2452 659 2502 26,
695 2467 755 2493 21.
783 2452 912 2491 censor
945 2459 1118 2497 creatur,
1152 2461 1238 2488 cum
1270 2445 1441 2486 nondum
