1638 2755
415 101 684 150 INDEX
737 100 821 150 IN
869 101 926 148 T.
976 102 1187 151 L1-V11

214 208 296 250 stris
318 209 354 249 8.
375 219 606 262 provocatur
632 223 651 249 a
673 210 840 260 quodam
862 208 1044 249 Teutono
1069 222 1127 249 12.
1147 211 1195 250 ad
1216 211 1336 261 Aquas
1354 212 1444 252 Sex-

214 265 286 302 tias
311 265 433 302 vincit
465 263 676 304 Ambrones
709 262 873 313 15—18.
901 261 1045 302 hostem
1070 263 1281 304 insomnem
1312 274 1442 315 tenet,

215 316 292 357 :suis
322 318 607 368 quiescentibus
638 332 699 358 2ο.
737 318 782 356 iis
815 316 968 355 infidias
1006 319 1114 366 ponit
1149 332 1209 357 21.
1245 319 1442 358 Teutonos

215 372 356 420 caedit,
383 372 520 422 eosque
554 372 658 411 delet
692 386 799 411 22-
818 386 877 420 24.
910 372 1034 419 praeda
1061 373 1199 411 donata
1222 371 1442 422 imperatori

216 439 278 476 25.
307 429 386 473 eius
413 427 460 465 ad
488 425 626 464 milites
651 426 773 464 oratio
798 427 856 465 26.
883 424 946 463 vili
972 427 1095 475 pretio
1118 427 1282 476 praedam
1312 428 1443 466 vendit

214 493 278 530 29.
310 480 485 529 quintum
520 479 590 518 cos
623 491 770 518 creatur
800 493 857 530 30.
893 492 996 519 arma
1029 480 1175 518 hostilia
1209 491 1355 519 cremat
1380 495 1444 534 32.

216 532 343 572 differt
369 533 604 586 triumphum
634 547 693 588 33.
733 534 976 573 Cimbrorum
1006 533 1149 585 legatos
1176 534 1342 573 ludibrio
1370 534 1445 573 ha-

216 586 282 629 bet
310 590 356 642 56
377 588 412 625 ἐῶ
445 604 502 640 57.
524 592 605 637 ejus
630 589 828 627 inventum
845 620 856 634 ‚
884 602 928 626 ne
959 588 1035 635 pila
1061 591 1203 627 remitti
1227 586 1365 636 possint
1386 588 1446 641 58,

217 644 300 690 ejus
325 644 426 681 acies
453 643 517 683 60.
542 642 652 681 caedit
679 642 854 682 Cimbros
882 643 1051 694 62—65.
1080 646 1126 681 ad
1156 656 1244 681 eum
1270 642 1447 682 Cimbro-

218 708 302 734 rum
329 709 489 735 uxorum
516 695 658 745 legatio
681 697 744 736 66.
772 699 853 744 ejus
878 708 922 733 ex
952 695 1024 734 hac
1048 698 1205 736 victoria
1241 696 1360 746 gloria
1381 710 1447 747 74.

218 750 431 799 triumphat
458 765 522 801 75.
555 753 774 789 contemnit
805 749 1032 799 elegantiam
1062 765 1124 803 79.
1154 751 1281 790 turbat
1315 752 1447 789 omnia

220 804 353 845 Romae
384 807 457 855 69,
491 819 523 842 1.
554 817 623 856 per
653 804 770 843 tribus
810 803 926 842 divisa
958 807 1121 853 pecunia
1141 836 1152 851 ‚
1186 807 1336 844 lextum
1370 805 1446 844 cos.

219 869 367 897 creatur
391 874 426 904 7.
456 860 537 906 ejus
563 862 595 897 ἃ
626 858 775 907 Apuleji
804 857 1033 908 conspiraruo
1059 874 1094 911 9.
1122 862 1156 899 ἃ
1183 862 1302 910 turpis
1335 859 1450 898 vafri-

221 913 292 951 ties
323 926 383 960 14.
421 916 502 957 eius
530 914 563 951 δέ
596 912 744 952 Metelli
778 912 901 962 dispar
935 914 1132 962 ingenium
1168 927 1228 964 15.
1262 912 1446 952 scelerum

224 966 371 1016 Apuleji
398 967 449 1006 est
469 967 684 1005 concitator
715 972 749 1005 οἳ
777 967 916 1005 vindex
945 980 1005 1005 21.
1037 967 1147 1006 Marii
1173 968 1446 1007 veteratorium

220 1020 369 1060 facinus
402 1035 463 1059 22.
502 1021 663 1059 instituit
688 1022 889 1071 reprimere
925 1021 1129 1069 Apulejum
1165 1022 1224 1060 26.
1255 1022 1388 1061 Mario
1410 1021 1448 1061 se

222 1075 332 1114 dedit
358 1075 565 1123 Apuleius,
588 1075 751 1113 obsessus
780 1077 817 1113 in
850 1074 1043 1125 Capitolio
1072 1076 1133 1114 28.
1162 1075 1367 1115 Metellum
1397 1075 1448 1115 ab

221 1129 353 1169 exsilio
382 1141 600 1167 revocatum
635 1130 763 1167 videre
788 1138 963 1174 gravatur
985 1128 1130 1168 Marius
1158 1131 1221 1167 62.
1250 1128 1450 1168 simultatis

220 1183 388 1224 Marium
407 1184 504 1222 iuter
520 1184 553 1222 ἃ
570 1183 715 1222 Sullam
733 1184 841 1221 causa
854 1198 917 1229 71.
943 1197 1001 1235 29.
1021 1183 1162 1222 Marius
1179 1181 1340 1232 legatus,
1356 1194 1446 1222 cum

221 1236 263 1280 P.
292 1236 435 1278 Rutilio
463 1236 536 1277 cos.
563 1239 693 1287 copias
717 1238 855 1277 dividit
875 1251 951 1288 73,
976 1251 1036 1289 29.
1063 1247 1231 1285 occupat
1251 1238 1366 1276 castra
1388 1236 1446 1276 so-

224 1292 370 1330 ciorum
396 1291 613 1331 Italicorum
644 1306 702 1345 31.
736 1292 946 1331 exercitum
982 1291 1119 1330 dividit
1151 1303 1239 1330 cum
1264 1290 1447 1340 Caepi‘one

225 1358 284 1398 34.
308 1345 486 1395 profligat
506 1345 651 1385 Marsos
672 1347 733 1385 60.
754 1346 939 1384 detrecrar
961 1357 1129 1394 pugnam
1152 1346 1215 1399 63.
1235 1357 1324 1384 cum
1345 1345 1448 1386 Mar-

222 1399 268 1438 fis
295 1399 413 1438 dubio
438 1399 563 1440 Marte
590 1410 736 1450 pugnat
763 1414 836 1449 74,
864 1416 898 1447 4.
924 1412 991 1450 per
1026 1398 1179 1439 caulam
1214 1398 1448 1439 valetudinis

220 1452 378 1492 abdicat
414 1452 450 1491 se
489 1454 647 1503 imperio
684 1469 716 1506 5.
752 1453 963 1503 Sulpicium
998 1452 1084 1493 trib.
1120 1452 1170 1504 pl.
1196 1453 1371 1504 instigat,
1404 1460 1448 1494 ut

222 1508 416 1546 ademtam
443 1506 553 1547 Sullae
575 1507 811 1558 provinciam
840 1507 904 1545 fibi
932 1508 1113 1547 decernat
1137 1521 1212 1558 77,
1251 1521 1264 1545 1
1283 1539 1294 1555 ,
1316 1523 1359 1554 2,
1388 1522 1447 1548 12.

226 1562 387 1600 dimittit
412 1573 568 1600 uxorem
591 1561 754 1601 Coelium
771 1594 784 1609 ,
808 1563 838 1600 ἃ
867 1561 972 1600 ducit
999 1561 1212 1607 Caeciliam,
1236 1562 1318 1600 ibid.
1345 1562 1449 1602 occi-

224 1616 283 1654 dit
311 1616 457 1654 amicos
480 1614 591 1655 Sullae
623 1630 679 1663 17.
705 1616 868 1654 vincitur
892 1628 911 1654 a
937 1615 1041 1655 Sulla
1069 1616 1107 1653 in
1132 1615 1226 1654 urbe
1256 1630 1307 1665 24
1327 1615 1362 1653 g,
1382 1628 1448 1668 25.

221 1682 245 1708 a
275 1669 405 1709 senatu
430 1669 543 1708 hostis
567 1671 780 1719 judicatur,
816 1669 971 1719 ejusque
999 1669 1099 1709 bona
1127 1668 1373 1717 publicantur
1397 1683 1449 1721 27

224 1724 259 1762 δ’
285 1723 347 1763 28.
379 1723 482 1773 fugit
511 1736 557 1762 ex
590 1724 705 1771 urbe,
730 1725 814 1763 ibid.
840 1726 921 1771 ejus
948 1736 1092 1762 errores
1121 1725 1154 1762 δί
1192 1723 1349 1763 miseriae
1384 1737 1450 1777 31.

223 1777 399 1818 hortatur
429 1780 591 1818 comites
624 1791 681 1829 32.
712 1778 902 1817 ostentum
929 1777 994 1816 fibi
1024 1777 1198 1817 oblatum
1227 1786 1352 1818 narrat
1385 1789 1447 1831 33.

221 1844 242 1870 a
281 1832 684 1883 praeternavigantibus
718 1831 918 1881 suscipitur
948 1844 1008 1883 34.
1048 1833 1189 1871 deinde
1224 1831 1450 1882 relinquitur

221 1887 414 1936 expositus
446 1899 504 1941 35.
533 1887 680 1936 capitur
696 1886 735 1923 in
765 1886 905 1935 palude
937 1886 994 1936 36.
1018 1885 1204 1924 benevole
1228 1887 1407 1924 tractatur
1426 1898 1448 1924 a

220 1939 366 1981 fannia
395 1953 452 1991 37.
479 1940 614 1980 stolide
641 1941 758 1977 omini
787 1939 947 1978 confidit
975 1939 1040 1992 38.
1070 1941 1117 1978 ad
1145 1952 1233 1978 eum
1264 1939 1448 1978 occiden-

220 1994 314 2032 dum
344 1994 470 2034 missus
498 1993 653 2034 Cimber
675 1993 777 2042 fugit
807 2006 867 2046 39.
896 1993 1102 2032 dimittitur
1118 1993 1265 2032 Marius
1290 2005 1354 2040 40.
1382 2005 1449 2030 na-

144 2079 155 2084 ,
219 2047 324 2097 vigat
350 2048 388 2086 in
412 2048 580 2088 Africam
609 2061 672 2094 41.
708 2047 745 2085 in
770 2046 1118 2097 Carthaginiensem
1151 2059 1284 2096 agrum
1319 2045 1450 2085 transit

221 2115 284 2150 42.
311 2101 361 2140 ad
384 2115 472 2141 eum
496 2103 595 2141 redit
617 2101 716 2140 filius
740 2114 787 2152 43
813 2101 924 2148 6³44.
949 2100 987 2138 in
1014 2100 1162 2139 ltaliam
1181 2101 1228 2139 ad
1255 2101 1445 2149 Cinnam,

219 2155 305 2194 urbi
334 2154 477 2194 bellum
502 2155 752 2201 inferentem,
772 2155 876 2193 venit
898 2168 972 2207 79,
1000 2163 1047 2204 27
1064 2155 1121 2208 fij.
1154 2168 1172 2193 a
1198 2154 1320 2194 Cinna
1354 2167 1450 2204 pro-

221 2208 354 2248 consul
380 2218 542 2249 vocatur
571 2225 634 2261 45.
658 2208 801 2248 Ostiam
830 2218 1029 2258 expugnat
1053 2211 1088 2247 ἃ
1113 2207 1245 2258 diripit
1267 2223 1331 2257 47.
1362 2209 1447 2257 ejus

218 2263 393 2317 partibus
426 2264 617 2303 accedunt
642 2263 832 2303 Samnites
859 2262 936 2310 80,
969 2275 1001 2314 3.
1034 2261 1081 2301 ab
1113 2264 1181 2314 Ap.
1216 2261 1377 2302 Claudio
1403 2261 1446 2300 in

219 2316 355 2356 urbem
384 2317 637 2366 intromissus,
667 2315 862 2367 repellitur
884 2331 920 2364 4.
942 2316 1114 2355 colonias
1145 2317 1242 2354 circa
1276 2315 1444 2355 Romam

218 2381 386 2422 occupat
417 2372 453 2412 8.
483 2372 524 2411 in
551 2370 683 2410 urbem
709 2371 836 2410 venire
859 2379 1011 2422 rogatur
1041 2385 1100 2419 24.
1127 2370 1256 2408 minax
1278 2370 1360 2417 ejus
1383 2369 1447 2407 in-

219 2425 359 2480 gressus
383 2439 445 2482 τις.
468 2427 503 2467 &
533 2424 699 2466 crudelis
725 2425 930 2480 oratio29,
956 2424 1118 2477 infignes
1134 2425 1241 2466 viros
1261 2419 1445 2464 trucidari
