1638 2755
283 157 872 211 HtSToRrARUM
912 155 1218 207 LIBROS.

167 283 230 319 402
266 270 314 308 is>
334 269 430 310 redit
464 269 506 306 in
546 266 687 312 Asiam,
717 264 936 314 patiturque
972 265 1213 315 naufragium
1247 277 1313 314 41.
1344 266 1393 308 ab

167 338 214 363 eo
252 323 396 362 bellum
435 322 638 360 imminere
664 319 875 364 Romanis,
907 318 1040 356 decern
1072 315 1186 368 legati
1220 319 1399 361 nuntiant

165 393 231 426 44.
255 378 302 416 ad
329 389 417 415 eum
442 374 543 424 fugit
567 371 760 412 Hannibal
782 387 845 424 49.
872 371 1027 410 molitur
1050 371 1192 410 bellurn
1222 373 1401 414 adversus

165 432 363 472 Romanos
387 442 430 481 35
448 459 459 475 ‚
487 441 545 480 13.
571 429 654 475 ejus
679 436 767 465 cum
793 425 910 465 Villio
934 425 1063 476 legato
1088 425 1310 475 disceptatio
1336 441 1399 481 15.

166 485 309 534 trajicit
336 480 626 538 Hellespontum
654 492 716 531 23.
747 481 852 518 venit
874 479 1187 526 Demetriadem,
1207 480 1406 521 arcessitus·

162 538 215 578 ab
239 538 373 578 ,ffitolis
398 548 460 587 43.
485 547 568 582 ejus
593 533 632 571 in
657 533 826 571 concilio
850 533 1063 572 AEtolorum
1088 534 1211 570 oratio
1234 545 1297 576 44.
1329 530 1403 567 im-

158 593 320 643 'perator
349 587 562 640 appellatur
587 585 634 624 ab
666 585 797 618 {Etolio
825 599 886 628 4).
919 595 1041 614 mitat
1066 586 1326 616 Romanorum
1345 581 1403 616 so-

169 648 250 685 0503
275 659 337 693 47,
361 644 393 683 ei
423 650 554 682 portas·
588 629 1088 682 aperiunt-Chalcidense83
1112 629 1337 679 Salganeam
1365 635 1405 672 Sc

170 697 365 732 castellum
382 687 430 725 ad
449 686 633 734 Euripum
661 684 764 733 capit
792 697 850 736 51.
874 683 1051 732 adjungit
1071 682 1135 722 sibi
1152 684 1309 723 Boeotos
1329 687 1402 738 36,

170 748 206 784 6.
231 740 457 782 Hannibalis
474 738 641 777 orationi
675 751 752 776 non
771 737 892 776 credit
913 751 937 785 7
955 739 989 776 δ’
1004 739 1040 776 8.
1058 737 1152 787 legit
1177 737 1254 776 offa
1270 739 1403 778 Mace-

170 798 317 836 donum
338 795 385 834 ad
411 790 719 843 Cynoscephalas
739 791 774 832 8.
802 790 1067 830 Thefl'alorum
1096 790 1209 840 legati
1235 793 1282 830 ad
1310 806 1401 833 eum

167 865 204 905 9.
230 851 335 899 capit
355 847 490 887 Pheras
508 848 542 886 δε
559 845 770 886 Scotufl'am
786 874 797 890 ,
820 846 905 883 ibid.
933 855 1011 884 arte
1033 845 1144 895 Appii
1166 845 1315 884 Claudii
1337 848 1402 885 ἀει

168 913 329 943 terretur
353 902 400 940 ab
435 900 640 939 obsidenda
669 898 807 938 Larissa
841 912 898 937 10.
931 899 1036 937 ducit
1066 899 1251 948 virginem
1289 899 1402 939 Chal-

170 957 386 1003 cidensem3
417 957 498 1003 ejus
531 953 718 992 exercitus
754 951 906 990 luxuria.
933 955 1189 1003 corrumpitur
1223 967 1279 993 11.
1311 954 1402 994 Me-

170 1012 289 1051 dione
316 1020 522 1059 exceptus,
547 1007 694 1056 Thyrio
722 1005 920 1053 exclusus,
940 1007 1038 1044 redit
1062 1006 1100 1044 in
1128 1006 1312 1045 Euboeam
1340 1023 1399 1047 12.

169 1067 201 1105 it
226 1066 266 1104 in
287 1063 503 1110 IEtoliam,⁴
520 1062 609 1100 dein
631 1061 669 1099 in
694 1060 829 1099 saltum
859 1059 1209 1110 Thermopylarum
1242 1074 1301 1113 15.
1330 1074 1404 1101 cae·

172 1120 277 1159 ditur
299 1132 321 1156 a
352 1117 418 1157 Μ’.
447 1115 567 1155 Acilio
592 1114 797 1154 Glabrione
832 1113 985 1153 consule
1020 1127 1076 1166 19.
1105 1116 1186 1161 ejus
1210 1114 1326 1153 statua
1360 1117 1402 1155 in

172 1171 320 1223 templo
356 1172 540 1211 minetvae
574 1169 709 1209 Itoniae
745 1180 805 1207 20.
838 1169 981 1215 trajicit
1007 1170 1047 1206 in
1078 1168 1199 1206 Asiam
1228 1181 1287 1207 21.
1316 1172 1401 1218 ejus

171 1227 350 1266 securitas
364 1239 425 1273 41.
442 1233 620 1264 monetur
638 1222 684 1261 ab
702 1221 917 1262 Hannibale
931 1251 940 1266 ‚
960 1222 1044 1260 ibid.
1062 1232 1208 1271 reparat
1224 1222 1399 1271 classem,

174 1285 209 1322 ἃ
247 1280 456 1319 exercitum
500 1285 698 1327 comparat
732 1290 802 1329 37,
840 1276 874 1313 8.
905 1276 984 1325 agit
1015 1276 1062 1314 de
1101 1288 1222 1325 pace,
1259 1288 1339 1325 qua:
1364 1277 1400 1316 ei

171 1345 331 1385 negatur
373 1346 432 1386 19.
461 1331 587 1382 plures
619 1330 729 1369 urbes
758 1329 859 1380 capit
898 1343 959 1368 21.
990 1328 1175 1377 Prusiam,
1210 1330 1402 1380 Bithyniae

171 1401 331 1439 regern,
353 1387 524 1425 concitat
553 1385 601 1424 ad
629 1383 774 1423 bellum
802 1396 862 1435 25.
900 1393 1096 1434 oppugnat
1127 1382 1402 1433 Colophonem

174 1445 238 1483 26.
265 1443 346 1491 ejus
377 1439 499 1479 classis
525 1438 691 1477 vincitur
724 1438 772 1476 ab
797 1436 951 1477 IEmilio
983 1450 1043 1489 30.
1071 1436 1207 1476 deserit
1234 1438 1401 1488 Lysirna-

173 1497 328 1544 chiam,
361 1497 396 1535 ἃ
434 1492 622 1532 contrahit
655 1492 785 1542 copias
823 1504 880 1542 31.
914 1491 1062 1541 legatos
1095 1491 1141 1529 ad
1175 1492 1402 1541 Scipionem

173 1551 294 1590 mittit
325 1550 372 1588 de
404 1559 497 1598 pace
527 1560 583 1594 34.
611 1545 710 1584 filius
740 1544 907 1584 Africani
940 1547 1112 1595 captivus
1128 1545 1233 1593 apud
1262 1546 1402 1586 Antio-

175 1605 321 1649 chum,
350 1603 434 1640 ibid.
469 1601 629 1640 remittit
673 1599 792 1638 filium
824 1599 989 1638 Africani
1034 1612 1091 1651 37.
1129 1600 1335 1638 retrocedit
1363 1602 1402 1640 Sc

174 1659 290 1698 castra
310 1656 453 1703 munit,
479 1656 564 1694 ibid.
593 1656 675 1702 ejus
700 1654 798 1692 acies
822 1664 867 1706 39
890 1654 926 1692 δ’
950 1664 1014 1701 40.
1046 1653 1209 1692 vincitur
1232 1655 1268 1692 ὃς
1285 1655 1402 1693 castra

175 1712 318 1752 amittit
353 1724 417 1762 43.
450 1709 550 1758 fugit
584 1708 624 1746 in
660 1707 817 1758 Lydiam
846 1722 908 1756 44.
938 1708 1056 1745 mittit
1094 1708 1143 1745 ad
1178 1707 1401 1757 Scipionem

174 1766 320 1816 legatos
354 1765 402 1803 ad
428 1776 564 1813 pacem
595 1762 800 1812 petendam
823 1775 885 1813 45.
910 1774 1024 1810 quam
1044 1762 1221 1811 impetrat
1255 1776 1313 1815 55.
1331 1762 1403 1800 roe.

171 1821 277 1859 -deris
302 1832 390 1857 cum
419 1816 609 1857 Antiocho
634 1815 734 1865 leges
761 1816 832 1869 38,
865 1815 926 1869 38.

128 1883 358 1929 Antiochus,
383 1881 487 1922 filius,
512 1878 694 1919 Antiochi
715 1877 851 1928 Magni
879 1892 951 1932 35,
982 1891 1038 1932 ¹3·
1063 1877 1224 1915 moritur
1246 1891 1304 1932 15.

127 1944 330 1985 Antiochus
352 1944 578 1995 Epiphanes,
605 1939 707 1979 filius
732 1940 913 1980 Antiochi
938 1939 992 1978 M.
1019 1938 1192 1977 succedit
1220 1940 1257 1977 in
1285 1951 1403 1990 regno

177 1999 290 2048 Syriae
313 2012 385 2046 41,
410 2012 469 2045 24.
504 2007 627 2034 mores
654 1997 735 2043 ejus
763 1993 911 2034 absurdi
947 2009 996 2041 24
1024 1994 1058 2031 ἐξ*
1093 2008 1154 2047 25.
1179 1993 1316 2043 proelio
1345 2007 1406 2032 ca-

178 2054 240 2102 pit
262 2052 491 2097 Artaxiani‚·
514 2051 700 2088 Armenia:
736 2061 889 2097 regem,
915 2050 998 2085 ibid.
1031 2049 1113 2095 ejus
1143 2047 1406 2086 munificentia

179 2120 240 2157 25.
264 2105 408 2154 legatos
437 2104 599 2143 Romam
625 2104 743 2140 mittit
767 2116 816 2151 42
833 2133 843 2148 ,
868 2104 901 2142 6.
928 2101 1156 2151 stipendium
1174 2102 1342 2151 praestat‚
1369 2104 1406 2140 δὲ

177 2158 264 2197 vasa
288 2171 399 2197 aurea
425 2158 679 2207 quingentum
705 2161 835 2205 pondo
865 2156 981 2194 donat
1002 2155 1195 2200 Romanis,
1214 2156 1296 2194 ibid.
1316 2168 1406 2193 cum

178 2225 227 2250 eo
255 2210 413 2250 societas
444 2221 646 2256 renovata,
663 2210 744 2250 ibid.
772 2223 859 2248 eum
879 2209 1054 2248 sollicitat
1077 2208 1223 2248 Perseus
1249 2224 1324 2257 44,
1351 2223 1410 2262 19„

178 2264 393 2306 Ptolemaeis
418 2265 533 2303 infert
562 2264 731 2311 bellum,
757 2267 791 2303 ἃ
816 2263 949 2302 frustra
979 2271 1101 2301 tentat
1128 2263 1270 2300 moenia
1295 2262 1412 2301 Alex-

180 2319 324 2357 andria:
351 2332 398 2371 45
415 2347 426 2365 ‚
466 2332 522 2357 11,
545 2320 665 2368 'virga
698 2317 1015 2357 circumscribitur
1038 2330 1059 2355 a
1082 2316 1122 2355 C.
1147 2316 1307 2365 Popillio
1346 2330 1410 2356 12„

181 2372 329 2423 legatos
357 2371 476 2409 mittit
499 2371 662 2411 Romam
696 2385 754 2426 13·

134 2436 358 2482 Antiochus,
385 2433 590 2473 Alexandri
621 2433 746 2484 filius,
777 2442 908 2475 contra
939 2432 1181 2476 Demetrium
1219 2429 1332 2484 Syriae
1356 2442 1413 2475 reia

203 2517 254 2565 Τ.
288 2517 383 2563 Liv.
418 2517 517 2562 Vol.
553 2514 698 2564 XIII.
1185 2509 1226 2556 C
