1638 2755
295 165 888 217 HISTORIARUM
933 164 1241 212 LIBROS.

121 277 298 318 'Metulum
325 276 472 315 obsidet
507 275 690 315 Oetavius
717 285 813 324 131,
843 284 905 320 24.
948 269 1162 321 desperatio
1192 270 1407 312 Metulitm:

177 344 260 370 rum
285 332 346 370 26.

122 385 323 431 Mevania,
356 382 547 433 oppidum
571 396 621 434 9,
647 394 711 429 41.

123 440 348 491 Mezentius,
383 437 626 477 Etruscorum
663 445 753 480 rex,
779 431 879 472 socia
913 444 1016 472 arma
1049 431 1199 471 Rutulis
1234 429 1424 476 adversus'

180 493 370 540 Trojanos
393 491 521 540 jungit
555 503 569 526 1
588 519 599 536 ,
624 502 658 527 2.

124 546 351 598 Mezetulus,
375 544 570 589 Numida,
595 541 797 580 contendit
826 552 914 578 cum
947 538 1093 590 Capusa
1117 538 1166 578 de
1194 552 1311 590 regno
1336 554 1410 592 29,

178 613 240 651 29.
285 611 377 648 gens
406 595 654 647 Massylorum
692 595 817 634 omnis
851 595 890 632 in
918 595 999 641 ejus
1028 593 1132 631 venit
1160 593 1413 643 potestatem,

176 654 262 693 ibid.
289 651 448 691 abstinet
473 651 628 689 nomine
651 650 779 699 regio,
801 649 885 686 ibid.
916 648 1161 685 matrimonio
1189 646 1256 684 fibi
1285 647 1414 697 jungit

177 704 314 744 sororis
345 703 572 743 Hannibalis
607 702 745 749 filiam,
773 704 855 740 ibid.
879 701 1003 740 vietus
1023 713 1043 739 a
1070 699 1282 748 Masiniffa,
1311 700 1414 750 fugit

178 758 218 796 in
245 756 596 807 Carthaginiensem
635 769 768 806 agrum
810 769 870 807 3ο.
909 756 1010 794 redit
1041 754 1079 792 in
1109 757 1298 805 patriam,
1328 755 1417 793 ibid..

125 812 308 864 Micipsa,
341 810 440 850 filius
479 810 679 851 Malinissae
710 818 802 848 natu
834 810 1026 848 maximus
1058 821 1128 861 50,
1169 808 1226 847 18.
1254 820 1274 846 a
1305 817 1416 858 patre

180 866 371 904 moriente
403 863 612 910 annulum,
641 864 783 902 Cirtam
813 875 901 901 cum
938 863 1066 912 regia,
1102 863 1138 900 δε
1168 862 1417 912 vectigalium

179 919 447 959 tractationem
483 919 648 967 accipit,
672 918 754 955 ibid.
780 915 965 954 auxilium
999 917 1117 954 mittit
1149 916 1320 965 Scipioni
1351 930 1416 969 57,

183 974 242 1012 16.
277 973 316 1010 in
351 974 432 1020 ejus
461 984 578 1021 regno
612 971 661 1009 ad
691 970 883 1019 octoginta
912 969 1030 1007 millia
1064 968 1265 1007 hominum
1298 970 1415 1007 inter·

180 1034 275 1064 eunt
309 1025 519 1075 pestilentia
551 1026 627 1073 60,
666 1037 723 1075 19.
778 1022 1033 1061 moribundus
1069 1021 1208 1058 liberos
1238 1019 1414 1060 hortatur

179 1080 230 1118 ad
257 1080 506 1118 concordiam
535 1079 610 1124 62,
638 1091 670 1117 2.

124 1134 303 1177 Miezison,
328 1131 590 1171 Chalcidensis
616 1130 795 1180 princeps
827 1141 870 1181 35
887 1158 899 1176 ‚
930 1127 988 1179 38.
1017 1127 1115 1166 fidus
1137 1127 1322 1166 Romanis
1345 1129 1412 1176 46,

179 1185 343 1235 pedibus
382 1195 517 1235 eaptus
546 1183 681 1222 let—”tica
718 1184 758 1221 in
797 1182 969 1221 senatum
1012 1181 1236 1220 introfertur
1268 1195 1340 1233 43,
1373 1197 1412 1235 9.

179 1240 351 1288 queritur
391 1239 439 1277 de
481 1237 707 1277 crudelitate
737 1239 772 1276 Sc
810 1235 1007 1285 sacrilegio
1046 1235 1208 1275 Lucretii
1241 1236 1276 1273 ἃ
1308 1236 1417 1274 Hor-

180 1292 312 1339 tensii,
339 1303 546 1342 praetorum
581 1291 695 1331 Rom.
725 1291 810 1329 ibid.
845 1289 1023 1329 vehicula
1053 1291 1088 1328 ei
1120 1287 1275 1339 publice
1312 1302 1417 1340 prae-⁴

180 1347 318 1385 bentur
347 1360 403 1385 10.

123 1402 282 1448 Midas,
309 1399 457 1450 Orphei
489 1397 694 1449 discipulus
723 1397 801 1446 84,
833 1411 894 1437 21.
920 1399 968 1437 de
990 1397 1103 1438 Mida
1132 1398 1168 1437 δι
1204 1395 1333 1437 Sileno
1357 1396 1412 1438 faa

184 1453 272 1492 bul'a
295 1468 355 1492 22.

126 1508 280 1547 Miletus
305 1508 436 1546 civitas
467 1520 540 1559 37,
569 1507 627 1546 16.
650 1505 723 1557 38,
754 1519 813 1557 13.

129 1561 282 1611 Milefiz's
317 1574 404 1612 ager
426 1560 528 1599 sacer
558 1561 764 1599 restituitur
797 1558 866 1611 38,
896 1571 956 1611 39.
991 1571 1123 1597 eorum
1156 1557 1270 1608 legati
1299 1557 1414 1609 polli.

183 1623 317 1653 centur
339 1616 386 1654 ad
411 1614 554 1654 bellum
571 1645 581 1662 ,
598 1614 782 1664 quidquid
818 1613 963 1651 senatus
986 1614 1190 1662 imperaret
1220 1628 1263 1666 43
1280 1643 1290 1660 ,
1319 1613 1360 1652 8.

128 1669 242 1708 Miles
264 1669 458 1708 Romanus
486 1671 639 1718 quando
664 1670 827 1718 primum
853 1668 900 1706 de
924 1666 1081 1716 publico
1104 1666 1330 1716 stipendium
1352 1679 1415 1706 ac.

185 1725 330 1772 ceperit
356 1739 405 1772 4,
432 1737 490 1775 59.
525 1722 675 1762 delectu
709 1723 779 1760 rite
804 1723 913 1770 aeto,
946 1721 1010 1769 qui
1039 1719 1145 1759 miles
1174 1720 1296 1760 fmus
1332 1734 1413 1760 non

183 1777 303 1824 estet,
326 1778 365 1815 in
388 1776 604 1815 servitutem
639 1776 813 1814 venditus
852 1789 922 1824 14„
937 1789 998 1820 27.
1038 1775 1166 1813 cibum
1203 1785 1415 1825 potumque

182 1843 322 1880 capere
358 1830 472 1879 juffus
497 1830 618 1876 stans,
646 1829 867 1879 ignominiae
907 1827 1016 1867 causa
1047 1842 1123 1877 24,
1162 1830 1219 1868 16.
1248 1828 1415 1870 militem

182 1887 463 1924 mercenarium
491 1884 644 1933 quando
676 1885 844 1933 primum
874 1883 1035 1922 Romani
1068 1882 1311 1922 habuerint?
1348 1898 1413 1937 49.

184 1937 350 1978 militem
383 1946 550 1977 veterem
579 1939 743 1977 invitum
773 1937 914 1976 ducere
950 1936 998 1974 ad
1030 1936 1173 1974 bellum
1203 1937 1415 1985 gerendum

185 1993 231 2032 in
264 1993 538 2032 Macedoniam
573 1993 732 2031 vetitum
770 2005 838 2043 31,
875 1991 910 2031 8.
951 1989 1148 2028 horridum
1185 1993 1305 2040 magis
1338 1991 1414 2030 effe

188 2047 330 2093 decet,
361 2059 477 2097 quam
516 2055 692 2085 ornatum
736 2058 827 2083 auro
861 2047 895 2084 &
930 2054 1087 2093 argento
1118 2059 1163 2097 9,
1192 2058 1254 2092 40.
1290 2045 1413 2084 milite

186 2098 277 2146 suo,
300 2113 378 2138 non
411 2110 597 2148 externo,
626 2101 678 2137 uti
700 2099 833 2138 solitus
858 2099 1054 2138 Romanus
1082 2113 1155 2144 22,
1189 2111 1247 2149 37.
1271 2098 1413 2139 milites

180 2145 334 2191 *accensi
361 2153 410 2199 8,
443 2153 480 2192 8.
519 2152 730 2204 antepilani
772 2167 810 2206 9.
848 2152 1080 2202 antefignani
1121 2167 1165 2199 2,
1188 2166 1248 2190 20.
1284 2154 1415 2193 causa-

188 2205 238 2245 rii
263 2205 312 2253 6,
333 2207 368 2245 6.
394 2205 529 2245 hastati
551 2222 601 2259 7,
618 2222 677 2260 23.
705 2207 753 2254 8,
778 2207 813 2245 8.
839 2206 960 2252 leves,
988 2207 1078 2244 ibid:
1096 2205 1348 2254 manipulares
1371 2222 1412 2257 7,

179 2271 256 2310 34.
275 2258 324 2306 8,
347 2259 384 2298 8.
404 2261 463 2297 ubi
485 2259 520 2297 δ’
541 2263 632 2298 acies
655 2264 817 2299 Romana
843 2261 969 2308 describ
986 2273 1050 2298 tur.
1077 2261 1266 2309 principes
1282 2274 1306 2309 7
1321 2290 1332 2307 ,
1348 2275 1409 2312 23,

189 2312 244 2360 8,
264 2311 300 2351 8.
330 2312 487 2359 rorarii,
513 2314 597 2353 ibid.
633 2313 769 2352 statarii
795 2328 844 2365 9,
876 2328 932 2366 19.
965 2311 1156 2360 subitarii,
1183 2314 1274 2362 qui‘.>
1307 2327 1349 2365 3,
1374 2328 1415 2361 4,

186 2379 266 2415 40,
292 2367 352 2406 26⁰
381 2367 499 2405 triarii
521 2381 574 2416 7,
600 2380 662 2420 23.
688 2366 732 2415 8,
763 2366 799 2405 8.
825 2366 1060 2405 tumultuarii
1101 2380 1166 2418 35,
1200 2382 1234 2405 2.
1266 2378 1416 2405 vetera-2

189 2420 235 2461 ni
267 2419 315 2469 8,
348 2419 384 2459 8.
419 2419 626 2460 voluntarii
653 2433 725 2472 31,
761 2419 797 2458 8.
824 2420 964 2459 milites
1007 2420 1176 2459 Antiates
1215 2420 1319 2457 mille
1350 2421 1413 2459 di„

192 2472 292 2528 misti
317 2485 409 2518 eum
434 2474 648 2529 ignominia
679 2486 726 2529 3,
756 2486 790 2530 5.
822 2473 991 2518 Romani
1021 2474 1060 2513 se
1092 2472 1193 2513 vinci
1222 2476 1416 2523 patiuntur

1154 2531 1180 2574 ᾧ
1197 2545 1218 2577 a
