1638 2755
286 149 871 201 HISTORIARUM
915 147 1226 194 LIBROS.

116 262 380 315 Philippopolis
396 259 594 301 Theffaliae
606 288 617 306 ,
631 259 748 296 eadem
766 270 840 295 cum
852 253 1034 307 Philippis
1051 254 1228 306 Tluffaliae
1250 267 1312 308 39,
1329 263 1390 308 ας,

118 318 382 368 Philippopolis
405 314 579 354 Thraciae
608 326 656 366 39
673 341 684 359 .,
714 325 774 364 53.

119 372 311 422 Philippus
326 400 337 415 ‚
360 369 620 408 Macedonum
640 377 719 404 rex,
741 363 789 402 ad
815 374 904 400 eum
929 360 1048 410 legati
1071 360 1167 399 miffi
1198 361 1246 399 ad
1271 360 1398 410 dep0⁴

173 412 355 462 scendum
379 422 615 461 Demetrium
641 416 815 457 Pharium
847 429 921 462 22,
949 428 1010 469 33.
1038 411 1185 462 legatos
1210 415 1326 453 mittit
1346 414 1399 454 ad

176 475 437 517 Hannibalern
460 487 535 525 23,
559 485 618 524 33.
648 483 737 509 eum
771 472 869 508 inter
894 472 928 508 6<
959 468 1214 507 Hannibalem
1242 468 1400 508 foederis

174 530 304 579 leges,
331 531 414 568 ibid.
440 529 487 567 ad
516 539 602 565 eum
631 523 745 574 legati
777 524 980 562 Poenorum
1011 535 1069 573 34.
1095 521 1325 571 legationem
1345 522 1400 560 al-

177 593 298 623 teram
323 584 371 621 ad
396 579 652 621 Hannibalem
682 578 802 616 mittit
835 591 897 630 39.
925 575 1066 614 bellum
1104 585 1233 614 movet
1264 587 1403 624 parum.

177 636 357 688 prospero
384 644 520 673 eventu
549 649 620 680 24,
640 645 701 680 40.
726 631 886 669 subitam
913 630 1197 679 expeditionem
1221 630 1260 666 in
1279 628 1404 668 Orici-

178 703 315 730 norum
341 698 453 738 atque
476 686 780 737 Apolloniatium
802 684 896 722 fines
920 683 1012 722 facit
1039 683 1106 729 26,
1134 696 1194 736 25.
1218 683 1256 720 in
1282 681 1404 722 Thes-

179 743 311 783 saliam
338 742 559 787 descendit,
587 741 672 777 ibid.
701 740 800 778 redit
825 736 962 777 Pellam
980 767 991 785 ,
1014 737 1098 776 ibid.
1128 735 1275 776 Achaeis
1298 736 1405 775 auxi-

179 797 272 836 lium
303 796 376 835 fert
399 810 470 846 27,
497 809 545 848 29
570 795 604 833 δ’
637 806 697 845 3ο.
724 793 843 830 vincit
876 789 1047 837 AEtolos‚
1073 792 1157 828 ibid.
1178 791 1207 828 it
1228 791 1267 828 in
1294 789 1407 830 Pelo-

179 849 414 902 ponnesum,
447 850 531 886 ibid.
567 847 718 896 repellit
759 847 979 889 Romanos,
1010 843 1238 894 populantes
1270 856 1407 894 agrum

182 903 425 944 Corinthium
454 915 510 953 31.
539 900 762 951 popularem
800 900 835 937 se
861 899 1025 948 praebet,
1048 899 1130 935 ibid.
1158 899 1237 945 ejus
1263 898 1410 936 intole-

180 956 297 994 randa
321 955 466 1001 libido,
493 957 576 992 ibid.
605 952 881 1005 Polycratiam‚
915 953 1018 991 Arati
1046 951 1270 990 Aeli-<eorum
1304 948 1410 994 prin-

182 1009 275 1056 cipis
302 1020 485 1054 uxorem,
510 1008 676 1052 asportat
699 1009 736 1044 in
761 1006 1055 1046 Macedoniam,
1086 999 1170 1036 ibid.
1197 998 1409 1048 periculum

182 1063 263 1109 ejus
298 1064 332 1098 ὁὶ
370 1058 519 1106 insignis
557 1056 742 1094 fortitudo
767 1056 806 1093 in
836 1066 961 1103 pugna
1001 1052 1173 1091 adversus
1202 1053 1314 1092 Rom.
1340 1066 1412 1092 eo·-

184 1125 344 1162 rumque
373 1112 494 1150 socios
521 1123 579 1161 32.
608 1108 707 1148 redit
734 1110 773 1147 in
801 1106 1099 1152 Macedoniam,
1125 1108 1209 1145 ibid.
1236 1106 1412 1146 hortatur

183 1181 229 1207 ac
244 1176 368 1205 tuetur
386 1166 503 1204 socios
527 1163 588 1207 28.
612 1177 644 1217 5.
672 1162 817 1202 Attalus
841 1162 959 1199 ferme
980 1160 1027 1198 ab
1055 1173 1101 1198 eo
1122 1160 1355 1210 opprimitur
1373 1174 1414 1212 7.

185 1222 289 1270 capit
304 1221 497 1259 Toronem
509 1249 520 1266 ‚
535 1216 668 1255 urbem
681 1246 691 1264 ‚
712 1217 795 1255 ibid.
821 1217 902 1263 ejus
919 1223 1020 1252 metu
1040 1213 1289 1252 Machanidas
1305 1226 1412 1253 corn-

186 1274 350 1326 press'us‚
378 1273 461 1312 ibid.
485 1274 566 1319 ejus
591 1272 713 1308 oratio
737 1271 776 1308 in
801 1267 966 1308 concilio
989 1267 1212 1306 Achaeorum
1241 1268 1276 1306 8.
1299 1267 1413 1306 classe

186 1330 228 1367 in
248 1325 425 1367 ffitoliam
452 1325 674 1371 contendit,
700 1325 784 1363 ibid.
812 1323 852 1361 in
879 1334 1035 1372 regnum
1066 1322 1180 1369 redit,
1203 1330 1245 1360 ut
1271 1321 1414 1361 Darda-

187 1383 246 1420 nis
267 1381 406 1419 inferat
437 1378 602 1419 bellum,
628 1379 712 1416 ibid.
737 1377 772 1416 ei
799 1378 964 1415 ducenta
990 1376 1135 1424 argenti
1163 1374 1306 1414 talenta
1331 1375 1416 1425 pol-

187 1436 353 1475 licentur
388 1430 740 1481 Carthaginienses,
764 1440 806 1468 ut
832 1431 870 1468 in
907 1428 1077 1468 Siciliam
1105 1437 1170 1467 aut
1197 1430 1237 1467 in
1266 1427 1417 1468 Italiam

189 1490 356 1537 trajiciat
382 1502 450 1539 29,
466 1501 503 1534 4.
528 1498 617 1524 cum
634 1498 680 1523 eo
701 1496 835 1534 pacem
859 1482 977 1523 AEtoli
1001 1482 1146 1520 faciunt
1171 1496 1226 1522 12.
1248 1483 1419 1533 itemque

190 1543 378 1588 Romani,
404 1542 487 1579 ibid.
514 1551 578 1587 per
598 1538 742 1588 legatos
767 1537 886 1587 petit,
906 1535 974 1574 fibi
997 1535 1137 1573 restitui
1162 1535 1415 1584 Macedonas,

193 1598 256 1646 qui
281 1596 382 1644 apud
415 1592 673 1633 Hannibalem
703 1591 880 1629 mercede
907 1588 1125 1628 militafl‘ent
1144 1619 1154 1637 ,
1177 1589 1353 1638 captique
1378 1592 1418 1628 in

193 1650 357 1689 vinculis
379 1648 498 1686 ellent
523 1660 593 1700 30,
619 1661 681 1695 42.
697 1645 742 1696 cf.
764 1645 798 1682 6·
831 1657 890 1696 33.
918 1643 1020 1681 triste
1039 1641 1259 1692 responsum
1283 1643 1418 1693 legatis

191 1717 212 1743 a
243 1704 375 1741 {enatu
415 1701 606 1740 redditum
637 1714 699 1747 42.
732 1698 765 1736 ei
806 1696 947 1736 bellum
975 1696 1164 1735 indictum
1204 1709 1274 1748 31,
1304 1697 1420 1750 5—-8,

195 1757 392 1806 Philippus
412 1763 610 1804 oppugnat
639 1752 812 1802 Abydum
841 1766 896 1799 14.
917 1750 1043 1789 foedus
1069 1752 1150 1797 ejus
1179 1762 1266 1788 cum
1288 1753 1421 1791 Antio.

196 1811 272 1849 cho
288 1842 299 1859 ‚
322 1810 436 1859 Syriae
458 1820 569 1857 rege,
592 1808 675 1845 ibid.
703 1805 846 1845 bellum
872 1807 969 1843 inter
984 1816 1071 1841 eum
1099 1805 1134 1842 ὃς
1158 1803 1423 1853 Athenienses,

196 1866 282 1903 ibid.
312 1875 399 1901 cum
425 1874 520 1912 aegre
554 1860 747 1899 sustineret
782 1857 948 1899 Attalum
985 1856 1236 1906 Rhodiosque
1270 1856 1421 1907 hostes,

196 1932 246 1957 ne
278 1918 453 1956 Romano
491 1914 645 1964 quidem
675 1913 775 1952 bello
806 1922 965 1951 terretur
998 1912 1054 1950 16.
1088 1913 1262 1961 Abydum
1288 1915 1425 1961 capit,

194 1973 278 2010 ibid.
301 1970 336 2008 6»
364 1984 421 2019 ¹7·
447 1981 533 2008 eum
559 1969 736 2007 audacter
753 1966 960 2016 alloquitur
983 1964 1038 2004 M.
1062 1962 1258 2014 AEmilius‚
1279 1964 1425 2015 legatus

195 2025 306 2064 Rom.
324 2024 381 2062 18.
401 2022 547 2061 insueto
559 2035 643 2060 vera
657 2022 783 2060 audire
798 2020 962 2060 ferocior
979 2019 1127 2057 videtur
1149 2018 1261 2069 legati
1285 2022 1422 2067 oratio,

199 2080 284 2116 ibid.
317 2077 510 2126 Philippus
537 2076 630 2126 petit
663 2074 830 2114 Athenas
852 2089 912 2122 24.
936 2073 1017 2110 edit
1037 2072 1214 2123 proelium
1241 2085 1427 2113 memora⁶

201 2130 280 2169 bile
310 2143 397 2168 cum
435 2128 747 2176 Atheniensibus,
772 2130 858 2168 ibid.
901 2126 1066 2172 recedit,
1100 2130 1133 2166 δι
1164 2128 1292 2167 omnia
1327 2128 1429 2167 circa

201 2183 367 2224 Athenas
395 2183 532 2230 diruit,
560 2184 640 2222 ibid.
665 2181 822 2222 Achaeos
853 2181 1027 2220 Romano
1055 2180 1199 2230 illigare
1230 2180 1329 2219 bello
1347 2180 1427 2220 fru-

201 2237 272 2277 stra
308 2245 466 2275 conatur
491 2250 553 2288 25.
587 2235 753 2275 Athenas
778 2237 814 2275 &
837 2233 1020 2274 Piraeeum
1055 2234 1183 2273 frustra
1213 2245 1334 2271 tentat
1366 2236 1429 2274 26.

204 2291 322 2333 diruit
344 2288 489 2338 templa
513 2291 613 2326 circa
646 2288 834 2335 Athenas,
857 2290 939 2325 ibid.
966 2289 1049 2334 ejus
1077 2299 1279 2337 apparatus
1302 2286 1430 2326 28.1e-

157 2378 159 2381 .
204 2353 313 2395 gatos
334 2342 451 2381 mittit
468 2341 516 2379 ad
535 2340 706 2391 AEtolos‚
731 2344 815 2381 ibid.
842 2341 999 2378 miratur
1026 2341 1287 2379 Romanorum
1316 2341 1433 2379 castra

209 2411 269 2448 34.
307 2397 506 2435 detrec'tut.
531 2407 698 2444 pugnam
732 2397 795 2449 36.
845 2394 958 2431 caedit
992 2406 1108 2444 vagos
1141 2393 1436 2433 frumentatores

201 2451 315 2492 Rom.
346 2451 431 2489 ibid.
460 2447 659 2499 repellitur
688 2460 751 2503 37.
791 2447 831 2487 in
855 2458 998 2496 magno
1033 2448 1085 2486 est
1123 2445 1322 2498 periculo,
1351 2449 1435 2489 ibid.

216 2509 270 2556 T.
289 2507 406 2555 Livii
441 2509 540 2555 Vol.
574 2505 718 2554 XIII.
