1638 2755
309 151 899 204 HISTORIARUM
949 148 1269 199 LIBROS.-

207 265 378 313 ceptatio
412 275 467 313 13.
501 261 661 300 mittitur
701 261 740 298 in
772 258 996 309 Hispaniam
1028 270 1084 309 32.
1112 258 1274 297 vincitur
1305 255 1352 295 ad
1379 254 1432 296 Π-

207 314 366 365 liturgin
391 330 410 354 a
434 315 616 355 Romanis
632 329 694 367 49.
722 313 884 352 mittitur
915 312 962 350 ab
990 311 1226 350 Hasdrubale
1250 311 1360 349 fratre
1379 309 1430 349 ad

210 371 529 420 conquisitionem
559 368 721 406 militurn
769 381 835 414 24,
864 380 926 412 42.
969 364 1215 412 Hasdrubali,
1256 364 1433 413 Gisgonis

209 425 291 464 filio
307 455 318 472 ‚
332 426 581 473 conjunctu&
596 423 714 460 vineit
744 421 778 459 P.
802 419 1023 469 Scipionem
1042 433 1087 471 25
1105 448 1116 465 ,
1139 433 1187 474 32
1204 418 1238 455 δ’
1255 433 1316 466 34.
1340 416 1434 456 Has-

212 478 364 518 drubali
393 477 499 516 fratri
534 476 570 514 se
596 476 722 524 jungit
750 488 809 528 35.
837 475 917 522 ejus
944 473 1058 511 castra
1084 485 1104 510 a
1138 467 1435 520 Marcios-*apta

217 545 278 586 39.
312 532 414 570 venit
443 544 489 572 ex
516 529 688 568 ulteriore
727 528 908 577 Hispania
939 539 1027 565 curn
1059 524 1318 570 Hasdrubale,
1353 523 1435 563 Gis-

214 586 324 636 gonis
352 585 456 631 filio,
488 584 537 623 ad
562 582 839 622 Hasdrubalem
865 582 1018 619 fratrem
1052 594 1125 630 27,
1157 593 1218 618 20.
1240 580 1279 617 in
1303 578 1436 627 fugam

214 641 370 678 vertitur
395 638 467 684 28,
498 652 532 676 2.
560 636 751 676 delectum
787 637 828 674 in
854 634 1035 683 Hispania
1060 645 1147 672 cum
1176 631 1435 678 Hasdrubale,

216 693 387 743 Gisgonis
427 691 533 739 filio,
560 691 696 737 habet,
728 696 762 729 oz
793 702 881 728 cum
913 702 957 727 eo
992 687 1135 727 bellum
1168 687 1347 725 instaurat
1380 700 1434 724 ιε.

214 746 369 797 equestri
394 744 529 795 proelio
554 745 721 783 vincitur
747 758 803 797 13.
832 743 862 781 it
884 743 1034 789 Gades,
1063 741 1334 790 dissipaturque
1354 742 1439 787 ejus

214 801 402 840 exercitus
431 800 488 839 16.
513 799 683 838 Gadibus
708 811 753 837 ex
775 799 864 847 fuga
897 796 1054 836 sublistit
1082 810 1141 848 23.
1167 794 1321 843 jubetur
1341 807 1361 831 a
1386 792 1440 831 se-

212 866 305 895 natu
332 853 628 903 Carthaginiensi
655 852 827 898 claffem,
855 864 966 900 quam
995 849 1166 888 Gadibus
1196 848 1370 890 haberet,
1397 848 1438 886 ἔτι

214 908 365 948 Italiam
395 909 568 955 trajicere
587 907 644 958 36.
660 920 681 944 a
700 906 896 945 Gaditanis
920 905 1016 942 intra
1045 903 1176 942 urbem
1202 909 1278 940 non
1300 902 1436 940 admit-

213 964 308 1002 titur
333 976 391 1014 37.
414 974 459 1000 ex
492 962 639 999 minore
660 960 873 999 Balearium
899 958 1016 997 insula
1053 959 1091 995 in
1121 956 1264 996 ltaliam
1298 956 1438 1004 trajicit·

214 1018 281 1065 46.
309 1016 410 1065 capit
441 1015 612 1054 Genuam
630 1046 642 1061 ‚
664 1014 749 1052 ibid.
775 1013 902 1052 Gallos
928 1016 962 1051 δε
985 1012 1137 1060 Ligures
1168 1011 1206 1048 in
1230 1009 1437 1048 concilium

215 1080 328 1109 vocat
353 1085 426 1121 29,
452 1083 483 1121 5.
516 1070 679 1106 vincitur
704 1081 724 1105 a
752 1066 930 1106 Romanis
973 1079 1039 1116 30,
1068 1065 1128 1104 18,
1152 1067 1297 1103 femore
1323 1062 1439 1102 trans-

215 1125 292 1163 fixo
323 1124 568 1168 vulneratur,
594 1123 680 1160 ibid.
706 1121 879 1171 profugit
901 1121 940 1158 in
966 1120 1162 1170 Liguriam
1191 1132 1249 1172 19.
1282 1130 1329 1156 ex
1357 1117 1437 1157 vul-

214 1191 306 1217 nere
328 1178 507 1223 moritur,
528 1178 611 1215 ibid.

163 1244 299 1293 Mago,
325 1240 469 1291 legatus
496 1240 696 1278 Poenorum
725 1238 774 1276 ad
794 1236 1013 1287 Philippum
1045 1250 1114 1288 23,
1141 1249 1200 1287 34.

113 1332 116 1333 γ
165 1299 305 1347 Mago,
334 1307 382 1333 ex
421 1303 533 1344 gente
571 1293 728 1333 Barcina
748 1321 758 1339 ‚
796 1301 980 1342 cognatus
1013 1289 1264 1338 Hannibalis,
1297 1290 1444 1340 capitur

220 1363 292 1402 23,
314 1363 378 1397 41.

165 1412 304 1462 Mago,
329 1408 534 1447 Poenorum
552 1407 654 1455 dux,
676 1404 949 1456 Carthaginem
978 1417 1118 1443 novam
1142 1411 1268 1443 tuetur
1287 1405 1357 1450 262
1380 1420 1444 1454 44.

216 1463 278 1512 se,
298 1475 424 1501 arcem
439 1492 448 1509 ‚
472 1465 506 1501 Sc
529 1461 738 1511 praelidium
763 1461 934 1509 Scipioni
954 1459 1060 1497 dedit
1085 1458 1148 1507 46.
1176 1459 1339 1497 Romam
1359 1461 1445 1497 mit-

218 1519 310 1556 titur
329 1529 417 1555 cum
445 1516 664 1565 quindecim
690 1515 851 1564 captivis
876 1513 1108 1551 senatoribus
1140 1525 1198 1563 51.

163 1579 386 1624 Maharbal,
415 1576 644 1616 Himilconis
679 1575 800 1623 lilius,
836 1574 1114 1624 oppugnationi
1141 1574 1295 1622 Sagunti
1326 1574 1444 1624 praeffi-

219 1634 318 1670 citur
338 1633 384 1670 ab
403 1630 620 1670 Hannibale
641 1629 902 1680 proficiscente
927 1630 966 1667 in
988 1629 1174 1667 Oretanos
1199 1628 1443 1677 Carpetanos-

220 1699 294 1736 que
321 1700 392 1732 21,
431 1699 488 1723 12.
519 1683 775 1735 depopulatur
813 1682 1001 1721 sociorum
1034 1680 1169 1732 populi
1196 1682 1304 1721 Rom.
1331 1694 1441 1731 agros

218 1753 283 1793 45.
319 1738 554 1788 persequitur
599 1738 814 1784 Romanos,
845 1749 866 1774 a
892 1736 1111 1776 Trafirneno
1148 1735 1335 1784 fugientes
1366 1750 1442 1783 22,

219 1795 256 1833 6.
275 1793 473 1842 praescetus
498 1792 691 1841 equitum,
708 1791 839 1829 suadet
856 1789 1063 1830 Hannibali
1087 1789 1168 1839 post
1191 1789 1340 1827 cladem
1368 1790 1443 1828 Ro„

219 1859 422 1887 manorum
447 1847 494 1884 ad
511 1847 681 1894 Cannas,
697 1854 738 1884 ut
759 1845 1049 1895 quamprimum
1072 1844 1238 1883 Romam
1261 1851 1365 1893 petat
1383 1855 1441 1896 51,

218 1901 267 1953 cfi
301 1902 335 1940 δ’
361 1913 432 1952 23,
459 1899 515 1938 18.

167 1965 295 2003 Malea
324 1976 366 2016 31
384 1994 396 2011 ‚
421 1977 472 2011 44
496 1964 530 2001 6»
552 1976 614 2011 47.
646 1974 716 2013 32,
750 1961 806 2000 16.
837 1960 911 2013 36,
936 1974 998 2008 42.
1031 1974 1109 2008 42,
1138 1959 1198 2013 55.

165 2019 298 2058 Malcae
320 2016 625 2067 promontorium
656 2029 726 2067 34,
750 2030 811 2068 32.

167 2072 406 2110 Maleventum
429 2085 452 2124 9
469 2101 479 2117 ,
504 2084 564 2121 27.
592 2083 661 2116 10,
693 2083 747 2122 15.
780 2082 850 2117 14,
877 2082 937 2122 ²9·
961 2079 1075 2118 quare
1103 2067 1364 2107 Beneventum
1387 2065 1442 2106 di=

222 2127 325 2163 &tum
359 2137 430 2175 15,
453 2122 489 2162 8.

170 2179 354 2215 Maliacus
377 2177 474 2215 smus
504 2191 580 2227 27,
605 2190 664 2230 30.
688 2189 730 2228 31
749 2206 760 2223 ‚
790 2176 855 2223 46.
893 2188 962 2227 32,
988 2190 1013 2224 4
1039 2175 1073 2212 ὅ)
1098 2188 1155 2227 32.
1179 2176 1250 2229 36,
1277 2189 1335 2222 14.

167 2239 355 2278 Maliclms
371 2268 384 2284 ,
402 2250 450 2276 ex
469 2239 688 2286 Judaeorum
708 2237 940 2288 principibus
957 2237 1240 2280 interficiendus
1260 2250 1279 2275 a
1297 2235 1445 2286 Caffio‚'

224 2304 379 2330 centurn
409 2290 559 2330 talentis
578 2292 776 2331 redimitur
799 2292 847 2330 ab
872 2293 1052 2342 Hyrcano
1074 2305 1142 2329 121
1157 2321 1171 2338 ,
1199 2305 1257 2332 10.
1280 2290 1444 2329 trucida.

223 2356 282 2384 tur
309 2359 369 2398 25.

166 2408 358 2458 Malitiojssz
389 2404 477 2444 silva
507 2419 549 2454 1,
576 2419 637 2459 30.

165 2460 362 2513 Mflienfts
392 2460 538 2499 dedunt
566 2459 699 2499 urbem
726 2457 832 2500 suam
855 2459 1040 2510 Pompeio
1067 2469 1141 2512 54,
1161 2472 1199 2508 4.
