1638 2755
497 109 763 158 INDEX
811 108 891 155 IN
938 109 996 157 Τ.
1040 103 1241 157 LIVH

279 222 339 255 tes
369 229 427 255 11.
451 218 535 265 ejus
577 216 732 256 confiiia
764 231 823 256 12.
853 216 1077 266 stratagema
1116 231 1176 271 ¹3·
1197 217 1322 256 oratio
1343 217 1391 257 ad
1412 218 1493 258 miii

280 279 355 317 tes,
380 272 464 309 ibid.
494 271 685 321 Hispanos
715 271 764 309 ad
788 284 954 321 pugnam
984 270 1089 310 elicit
1119 285 1177 319 14.
1202 284 1298 334 quos
1325 272 1450 321 fugat,
1474 273 1511 310 ἃ

280 325 398 362 castra
420 338 551 364 eorum
573 336 772 375 oppugnat
796 328 831 364 Sc
858 326 980 375 capit,
1006 326 1091 364 ibid.
1107 325 1142 362 δ’
1160 338 1219 373 15.
1246 324 1337 364 eise
1365 326 1513 364 dedunt

278 377 442 428 Hispani
472 381 529 419 16.
561 389 732 418 exarmat
757 392 890 417 omnes
911 381 963 417 cis
989 378 1142 418 Iberum
1165 379 1379 429 Hispanos,
1399 382 1433 418 ὁὶ
1452 393 1513 417 υτ..

279 432 385 470 bium
417 446 546 472 muros
570 445 645 471 una
672 434 733 472 die
768 434 882 472 diruit
912 447 970 480 17.
1006 433 1264 483 Segesticam,
1286 432 1514 483 opulentam

281 487 500 535 civitatem,
525 489 652 536 capit,
684 489 767 526 ibid.
799 489 881 536 ejus
909 486 1102 536 vigilantia
1128 489 1164 526 &
1187 486 1414 537 parfimonia
1449 487 1509 527 18.

278 540 530 590 proficiscitur
549 544 589 579 in
601 542 878 581 Turdetaniam
903 556 960 595 19.
985 540 1164 580 sollicitat
1187 541 1415 587 Celtiberos,
1433 541 1513 579 fru-

277 595 368 641 stra,
392 596 476 634 ibid.
506 597 716 645 regreditur
740 608 828 634 cum
850 596 994 645 septem
1021 595 1247 634 cohortibus
1269 595 1319 634 ad
1342 595 1512 641 iberum„

280 650 365 687 ibid.
393 650 442 687 ad
468 663 555 689 eum
580 650 765 688 deficiunt
793 650 998 698 Sedetani,
1024 649 1224 695 Ausetani
1242 651 1276 689 ἃ
1303 649 1514 689 Suessetani

282 716 344 740 20.
367 713 566 753 oppugnat
594 704 873 743 Lacetanorum
900 704 1116 753 oppidum,
1139 705 1244 753 quod
1271 705 1400 753 capit,
1426 703 1514 742 ibid

278 757 491 806 triumphat
526 758 588 806 46.
621 757 823 796 aediculam
854 758 1033 797 Victoriae
1059 758 1218 807 Virginis
1247 759 1403 797 dedicat
1439 770 1510 808 35,

278 824 315 858 9.
339 810 482 863 legatus
508 811 715 851 consularis
747 813 809 866 36,
839 826 896 862 17.
923 812 972 850 ad
996 811 1276 873 Thermopylas
1301 814 1436 860 J'uoum
1455 812 1514 849 in-

277 865 328 904 {ei
336 864 412 903 ium
440 865 487 904 ab
518 865 656 906 AEtoiis
686 874 856 915 occupat
885 866 943 906 18.
969 866 1126 905 nuntius
1150 868 1285 905 vietor}
1290 880 1320 905 ae
1346 867 1513 905 Romam

278 920 448 958 mittitur
477 934 537 959 21.
563 921 614 959 est
647 921 836 970 Scipionis
868 920 1034 959 Africani
1068 919 1249 959 inimicus
1277 920 1351 974 38,
1381 935 1441 980 5,4·
1464 919 1514 957 de

276 975 443 1024 pecunia
470 975 566 1031 regis
595 974 774 1014 Antiochi
803 975 1016 1013 orationem
1043 974 1184 1021 habet,
1200 977 1283 1015 ibid.
1315 974 1513 1013 censuram

274 1030 373 1078 petit
394 1041 462 1081 39,
483 1043 545 1076 4ο.
568 1030 650 1077 ejus
669 1028 772 1077 laus,
788 1030 872 1067 ibid.
896 1038 1043 1067 creatur
1067 1028 1200 1066 censor
1222 1043 1286 1077 41
1316 1030 1398 1076 ejus
1425 1040 1514 1066 cen-

277 1082 370 1121 iurae
398 1085 479 1122 aera
503 1097 582 1131 42,
606 1099 651 1136 43
683 1086 717 1123 δ’
740 1097 807 1131 44
839 1092 1021 1133 patronus
1049 1084 1271 1121 nominatur
1299 1082 1348 1121 ab
1379 1081 1518 1132 Hispa-

277 1137 337 1175 nis·
363 1150 410 1187 43
431 1168 441 1183 ,
469 1152 503 1177 2.
536 1137 744 1186 plurimum
774 1137 932 1185 adjuvat
965 1136 1117 1174 causam
1147 1136 1395 1176 Rhodiorum
1431 1148 1513 1187 45,

281 1205 343 1243 25.
374 1191 517 1229 beiium
535 1192 667 1230 suadet
687 1190 864 1230 adversus
881 1190 1214 1240 Carthaginienses
1237 1191 1305 1239 48,
1317 1205 1350 1232 2.
1372 1191 1514 1228 mortui

279 1245 318 1282 in
342 1257 500 1295 praetura
521 1246 588 1284 filii.
610 1246 725 1284 funus
743 1243 960 1284 tenuiffimo
983 1245 1110 1284 sumtu
1134 1244 1230 1283 facit
1251 1260 1286 1297 9.
1315 1246 1396 1294 ejus
1420 1254 1513 1284 cum.

275 1299 437 1346 Nasica,
464 1300 512 1338 de
547 1300 788 1338 excindenda
815 1299 1065 1348 Carthagine,
1098 1298 1354 1338 controversia
1381 1314 1455 1352 49,
1473 1314 1511 1347 4.

277 1353 397 1392 vincit
422 1355 519 1393 Cato
546 1368 561 1407 5
579 1356 614 1393 δ’
633 1369 668 1407 9.
691 1361 840 1392 creatur
858 1353 934 1392 cos.
954 1355 1027 1401 62,
1043 1366 1076 1392 1.
1093 1353 1130 1390 in
1150 1353 1272 1392 Africa
1290 1354 1450 1393 moritur
1475 1367 1510 1407 5.

219 1410 282 1447 M.
316 1410 462 1448 Porcius
498 1411 605 1456 Cato,
633 1408 719 1446 trib.
754 1407 804 1457 pl.
828 1410 901 1446 vid.
924 1408 1035 1460 supra
1060 1410 1119 1446 M.
1143 1409 1239 1447 Cato.

220 1464 268 1503 P.
299 1464 448 1501 Porcius
482 1464 609 1510 [ψει-ει,
640 1463 727 1501 trib.
753 1461 805 1511 pl.
845 1475 915 1512 32,
941 1477 980 1512 7.
1001 1462 1175 1501 triumvir
1203 1463 1318 1512 epulo
1348 1474 1420 1514 33,
1445 1475 1518 1511 42.

277 1519 545 1578 p1·aeto1·‚ibid.
573 1517 726 1555 sortitur
755 1516 851 1555 Pisas
876 1531 938 1569 43.

218 1571 335 1610 Pium
329 1587 356 1607 s
386 1572 425 1609 in
449 1570 660 1610 foederibus
685 1570 898 1609 sanciendis
924 1569 1012 1610 saxo
1034 1569 1134 1610 filice
1160 1569 1352 1620 percuffus
1383 1583 1423 1620 1,
1450 1584 1512 1620 24.

273 1640 291 1663 c
339 1626 373 1662 6
431 1656 441 1673 ‚
496 1656 503 1664 .

223 1625 343 1727 Pin-ili,
363 1640 569 1719 iEZeatum
593 1681 771 1730 princeps
802 1693 878 1728 4ο
904 1694 939 1728 4.
971 1680 1053 1727 ejus
1082 1679 1182 1718 triste
1208 1677 1353 1725 fatum,
1371 1679 1456 1718 ibid.

218 1735 315 1779 Lar,
335 1710 409 1772 ime
431 1735 575 1779 Lartes,
593 1736 660 1772 Ρο,
654 1735 767 1785 fivia,
781 1746 845 1772 rex
863 1733 1102 1773 Clusinorum
1128 1749 1171 1780 2,
1194 1747 1230 1786 9,
1252 1733 1301 1771 ad
1326 1745 1414 1772 eum
1428 1746 1513 1784 per-

272 1787 427 1837 fugiunt
441 1789 663 1838 Tarquinii,
684 1789 731 1826 ib.
762 1787 906 1827 bellum
932 1788 1047 1828 infert
1070 1787 1214 1838 populo
1232 1787 1344 1827 Rom
1372 1788 1417 1826 ib.
1439 1786 1509 1827 ob·

272 1829 368 1881 ficiet
390 1842 524 1882 urbem
553 1843 720 1882 Romam
750 1856 809 1881 11.
846 1855 932 1881 eum
960 1844 1103 1891 cogitat
1134 1842 1311 1881 occidere
1348 1842 1390 1881 C.
1422 1841 1511 1881 Mu

247 1898 381 1944 ..cius,
409 1899 443 1936 Sc
468 1896 633 1935 scribam
669 1908 737 1946 pro
763 1909 850 1945 rege
885 1896 1090 1934 obtruncat
1125 1910 1179 1935 12.
1214 1896 1329 1933 mittit
1362 1894 1511 1944 legatos

271 1950 465 1999 Romam,
485 1952 551 2002 qui
579 1951 627 1989 de
650 1962 745 2000 pace
772 1958 885 1999 agant
910 1962 966 2000 13.
995 1950 1142 1988 obsides
1169 1949 1345 1998 accipita
1370 1949 1509 1988 Roma-

270 2004 348 2051 nis,
377 2006 460 2044 ibid.
502 2004 628 2043 filium
661 2005 846 2044 Aruntem
881 2003 1044 2043 Ariciam
1086 2012 1353 2052 oppugnatum
1389 2003 1510 2043 mittit

275 2071 335 2107 14.
357 2059 477 2097 mittit
497 2057 644 2108 legatos
668 2057 834 2096 Romam
861 2056 908 2096 de
934 2058 1154 2096 reducendo
1184 2058 1222 2094 in
1245 2069 1402 2106 regnum
1415 2057 1510 2096 Tar-

270 2113 403 2161 quinio
436 2126 494 2163 15.
516 2112 559 2151 fit
585 2112 730 2151 amicus
762 2110 893 2162 populi
923 2111 1037 2151 Rom.
1066 2112 1148 2150 ibid.
1175 2111 1304 2149 reddit
1330 2110 1507 2161 obsides³

271 2167 357 2204 ibid.
390 2179 522 2216 agrum
553 2167 754 2215 Vejentem
786 2165 974 2214 restituit,
1000 2168 1083 2204 ibid
1114 2164 1282 2204 Porsenae
1312 2165 1410 2215 regis
1438 2165 1507 2204 bo-

272 2233 320 2258 na
344 2220 539 2260 vendendi
561 2233 646 2259 mos
673 2220 777 2259 unde
796 2220 934 2260 duetus
955 2234 1005 2266 2,
1036 2234 1095 2277 14.

214 2273 329 2314 Porta
356 2277 497 2317 capena
534 2288 579 2322 1,
606 2275 668 2315 26.
697 2287 742 2325 3,
771 2288 833 2314 22.
862 2288 933 2323 10,
962 2287 1023 2326 23.
1049 2286 1211 2327 25‚40.
1241 2272 1313 2319 26,
1343 2285 1402 2312 10.
1428 2285 1504 2325 33,

271 2329 331 2390 36.
371 2339 475 2367 extra
503 2338 655 2378 portam
688 2328 884 2378 Capenam
919 2330 1124 2367 convenire
1150 2327 1332 2377 Jubentur
1370 2326 1507 2364 armati

266 2384 435 2432 juniores
458 2398 503 2433 7,
527 2395 587 2433 2.3
603 2382 778 2421 consules
802 2384 987 2431 edicunt,
1010 2384 1161 2432 quoties
1189 2383 1226 2420 in
1249 2380 1416 2418 senatum
1435 2392 1502 2417 vo-

270 2436 432 2487 cassent,
465 2437 519 2478 uti
551 2437 740 2478 senatores
774 2437 822 2477 ad
846 2446 996 2489 portam
1024 2438 1218 2490 Capenam
1253 2434 1504 2475 convenirent
