1638 2755
294 140 878 193 HISTORIARUM
930 138 1235 186 LIBROS-⁴

133 255 340 306 Profirpina
375 268 444 301 24,
473 265 532 304 39.
575 247 792 298 Proserpina
815 245 969 294 adjuvat
995 245 1204 296 Cyzicenos
1239 256 1310 297 94,
1346 251 1408 296 132

188 311 269 356 ejus
286 307 439 346 victima
461 306 595 356 sponte
611 301 770 342 accurrit
789 300 838 338 ad
861 312 965 337 aram
989 313 1045 352 ¹5·
1069 299 1297 349 Proserpinae
1325 297 1405 335 the-

189 361 316 399 sauros
338 359 473 410 spoliat
501 357 657 409 Pyrrhus
682 368 750 402 14,
773 367 833 406 23.
852 365 966 391 naves
998 354 1199 401 pecuniam
1226 350 1407 390 vehentes

191 417 383 453 intereunt
400 428 459 461 24.
477 411 701 459 Proserpinae
719 408 922 457 pecuniam
940 405 1107 445 referunt
1123 406 1260 444 fluctus
1275 405 1312 442 in
1327 405 1412 442 vici-

192 480 242 507 na
255 468 344 506 fano
368 467 479 505 litora
497 480 569 518 29,
593 463 650 502 18.
675 460 838 500 thesauri
860 459 1068 510 spoliantur
1091 472 1111 496 a
1133 459 1180 507 Q.
1203 458 1410 505 Pleminio,

192 522 371 571 praefecto
395 519 521 559 Locris
555 531 602 569 29
617 547 627 563 ‚
648 529 687 565 7.
719 514 829 564 super
853 526 897 552 ea
920 525 957 551 re
986 513 1228 552 Locrensium
1251 510 1414 560 querelae

194 574 255 614 18.
285 573 444 624 pecunia
469 584 513 611 ex
539 571 598 608 his
623 568 804 608 thesauris
829 569 943 606 noete
963 566 1060 605 clam
1087 564 1232 604 sublata
1259 578 1301 615 31
1319 594 1329 611 ,
1354 578 1412 602 12.

190 628 430 678 sacrilegium
455 638 477 664 a
506 624 553 673 Q.
572 623 746 663 Minucio
772 621 1083 670 pervestigatum,
1104 620 1345 669 pecuniaque
1368 629 1415 655 ex

193 681 302 720 bonis
321 681 520 718 noxiorum
549 678 588 715 in
620 675 812 714 thesauros
838 674 996 724 reposita
1025 686 1083 725 13.

140 735 354 773 Provincias
387 734 484 770 inter
512 731 547 769 se
582 729 833 768 sortiebantur
865 726 1037 766 consules
1071 740 1141 772 10,
1181 739 1254 773 24,
1275 724 1310 762 δ’
1339 736 1417 762 tota

192 788 311 840 paffim
334 787 486 839 historia.
505 794 682 835 praetores
708 797 777 829 22,
801 797 845 835 35
861 813 874 828 ,
890 783 924 820 ἃ
947 781 1033 819 alibi
1057 779 1188 832 paffim.
1213 778 1418 829 provinciae

195 851 301 879 extra
322 842 498 878 ordinem
530 838 627 876 datae
660 850 705 875 10
724 868 736 884 ,
762 850 822 881 24.
848 835 897 872 28
914 865 925 879 ‚
949 835 1008 885 38.
1045 845 1113 884 37,
1147 847 1177 871 1.
1203 831 1421 881 provincias

197 904 263 932 aut
298 893 418 932 sortiri
455 900 519 930 aut
541 902 765 940 comparare
792 890 888 926 inter
910 888 946 926 se
966 886 1138 926 consules
1169 886 1252 936 jufli
1286 900 1358 939 37,
1383 899 1419 924 1.

195 949 402 998 provinciae
431 953 644 996 prorogatae
674 943 722 988 8,
751 954 797 992 23
824 944 858 980 ἂι
884 942 944 980 26.
971 954 1039 985 10,
1071 941 1129 979 16.
1167 953 1236 985 22,
1268 951 1325 989 34.
1351 951 1425 987 23,

198 1015 244 1055 3¹
260 1033 273 1048 ,
290 1001 325 1038 6»
344 1002 434 1051 μεμε
458 1001 564 1036 alias.
593 998 640 1035 de
676 996 870 1045 provincia
899 993 1086 1032 decedere
1111 992 1248 1038 injussu
1271 991 1424 1027 senatus

196 1067 276 1092 non
299 1054 450 1092 licitum
484 1066 555 1103 29,
585 1064 642 1102 19.
671 1050 744 1087 vid.
769 1061 879 1086 tamen
907 1061 977 1093 10,
1010 1045 1067 1084 18,
1088 1043 1121 1080 δ’
1151 1057 1226 1094 27,
1257 1057 1321 1090 42.

145 1107 360 1145 Ρνονοεατίο
393 1107 441 1142 ad
474 1103 661 1152 populum
689 1102 772 1147 lege
801 1100 941 1137 sancita
967 1114 1013 1146 2,
1046 1098 1083 1136 8.
1115 1109 1158 1147 3,
1190 1109 1249 1148 55.
1291 1108 1362 1141 10,
1387 1103 1431 1147 92

201 1158 423 1209 provocatio
448 1168 524 1194 non
546 1155 598 1192 est
624 1167 644 1192 a
670 1154 852 1191 dietatore
879 1151 984 1197 2,18
1011 1151 1045 1188 6³
1072 1163 1131 1201 29.
1153 1158 1326 1186 creantur
1353 1148 1428 1186 de-

204 1212 361 1251 cemviri
393 1210 470 1248 fine
508 1207 778 1258 provocatione
811 1218 857 1257 3,
897 1217 953 1256 32.
994 1203 1083 1251 lex,
1113 1215 1160 1240 ne
1191 1204 1275 1250 quis
1305 1201 1430 1241 ullum

204 1265 463 1315 magistratum
485 1263 560 1300 sine
576 1261 852 1311 provocatione
878 1266 1039 1296 crearet:
1069 1257 1134 1306 qui
1152 1255 1320 1301 creass'et‚
1338 1267 1430 1293 eum

202 1321 262 1368 jus
304 1317 432 1367 fasque
470 1315 558 1354 esset
596 1315 722 1353 occidi
752 1326 811 1365 55.
852 1313 925 1349 vid.
960 1323 1075 1348 tamen
1106 1325 1152 1357 4,
1188 1321 1246 1360 13'·
1290 1321 1432 1358 provo-

202 1372 346 1411 cationi
373 1371 476 1409 cedit
497 1370 657 1408 dictator
679 1368 726 1414 8,
755 1379 812 1418 33.
838 1365 1064 1415 provocatio
1093 1375 1174 1402 non
1199 1363 1251 1401 est
1276 1362 1433 1412 longius

204 1427 251 1465 ab
273 1425 365 1464 urbe
392 1423 498 1462 mille
528 1421 700 1472 paffuum
734 1432 776 1471 3,
798 1432 861 1458 20.

153 1481 341 1518 Proxenus
357 1508 368 1525 ,
393 1476 550 1527 scriptor
579 1489 647 1522 14,
674 1487 734 1524 25.

151 1534 338 1571 Proxenus
360 1531 406 1569 ab
432 1528 648 1570 Orthobula
672 1538 793 1566 uxore
814 1537 964 1563 veneno
989 1522 1136 1562 tollitur
1161 1537 1206 1571 4¹
1222 1554 1234 1571 ‚
1261 1536 1320 1571 30.

155 1587 325 1638 Prufias,
353 1585 540 1634 Bithyniae
570 1595 660 1628 rex,
685 1582 724 1620 in
750 1579 841 1618 fines
870 1578 973 1628 regni
1012 1575 1129 1618 Attali
1162 1577 1431 1627 transgreditur

210 1640 282 1687 28,
309 1655 348 1691 7.
387 1651 407 1677 a
438 1636 616 1686 Philippo
657 1634 896 1676 Macedoniae
921 1644 1007 1681 rege
1041 1629 1263 1669 adscribitur
1295 1631 1435 1669 foederi

212 1705 300 1731 cum
333 1693 518 1732 Romanis
551 1691 646 1728 inito
676 1702 749 1740 29,
784 1700 841 1724 12.
877 1685 998 1723 socius
1027 1686 1061 1724 δέ
1088 1684 1230 1728 amicus
1270 1683 1438 1734 Philippi

216 1758 287 1798 32,
315 1759 373 1797 34.
404 1746 451 1783 ad
478 1757 565 1782 eum
594 1745 640 1781 de
661 1741 867 1780 Cianorum
892 1738 1065 1776 libertate
1088 1737 1259 1775 scribitur
1280 1751 1354 1790 33,
1376 1751 1437 1787 3ο.

214 1812 302 1838 eum
328 1801 375 1837 ad
398 1798 541 1837 bellum
573 1796 740 1835 concitat
770 1791 978 1832 Antiochus
1007 1805 1084 1844 37,
1114 1804 1175 1843 25.
1200 1800 1438 1829 revocatura

213 1853 399 1892 Romanis
424 1853 472 1891 ad
508 1849 658 1889 confilia
682 1848 788 1898 pacis
805 1877 815 1893 ‚
840 1848 884 1884 ib.
919 1845 1094 1883 adversus
1123 1844 1332 1883 Eumenem
1358 1844 1438 1882 bel.

212 1905 295 1945 lum
322 1906 416 1955 gerit
445 1919 514 1957 39,
541 1905 602 1952 46.
638 1899 892 1942 Hannibalem
920 1900 1059 1948 recipit
1097 1911 1154 1948 51.
1190 1899 1224 1936 ἃ
1252 1898 1436 1936 Romanis

210 1961 360 2010 prodit,
381 1960 429 1996 ib.
459 1961 540 2006 ejus
564 1957 702 2007 legatio
729 1955 778 1993 ad
810 1953 1008 1992 Romanos
1031 1952 1080 1990 de
1113 1962 1204 1999 pace
1237 1963 1324 1989 cum
1355 1952 1440 1989 Per-

212 2013 276 2052 seo
310 2012 550 2051 concilianda
581 2026 657 2059 44,
691 2023 751 2057 14.
788 2019 874 2044 cum
908 2005 987 2044 filio
1020 2004 1235 2045 Nicomede
1272 2004 1438 2043 Romam

215 2068 321 2106 venit
341 2082 417 2118 45,
441 2081 502 2113 44.
530 2068 610 2108 eius
636 2062 852 2105 humilitas,
872 2061 957 2097 ibid.
985 2061 1066 2107 ejus
1093 2059 1138 2096 ad
1163 2058 1358 2097 Romanos
1387 2057 1440 2095 le,

218 2122 320 2169 gatio
341 2121 416 2167 46,
441 2134 477 2170 9.
497 2117 647 2156 accusat
669 2116 879 2156 Eumenem
896 2143 908 2159 ,
934 2114 1018 2151 ibid.
1040 2110 1165 2151 Attalo
1190 2111 1340 2150 infidias
1357 2121 1441 2148 ten-

161 2193 163 2195 >
221 2174 279 2211 dit
308 2187 384 2221 47,
411 2185 470 2224 33.
499 2173 578 2219 ejus
603 2183 691 2209 cum
718 2168 841 2208 Attalo
876 2166 1018 2205 bellum
1043 2179 1104 2214 41.
1132 2177 1264 2214 pacem
1299 2165 1439 2212 accipit

219 2239 283 2273 42.
309 2228 390 2274 ejus
421 2225 512 2262 vitia
541 2238 610 2275 50,
631 2239 666 2271 4.
695 2223 818 2261 filium
851 2220 1107 2260 Nicomedem
1132 2217 1342 2257 interficere
1365 2217 1444 2271 stae(

219 2279 338 2331 (ἱεῖς.
367 2278 460 2326 juffu
486 2277 553 2315 filii
574 2277 792 2315 interficitur
820 2287 879 2313 11.

164 2333 379 2384 Prytaneum
408 2330 536 2381 Cyzizi
564 2345 609 2376 41
627 2361 638 2379 ,
665 2343 726 2381 25.

166 2387 365 2437 Prytanis,
389 2384 555 2423 summus
578 2384 679 2432 apud
706 2381 878 2423 Rhodios
907 2378 1144 2429 magistratus
1170 2390 1219 2426 42
1235 2406 1247 2425 ,
1271 2390 1331 2431 45,

167 2439 332 2496 Pſjzlm'ae
354 2438 506 2490 quando
537 2438 705 2489 primum
731 2435 868 2475 additae
891 2433 1012 2485 epulis
1037 2445 1102 2486 39,
1125 2433 1159 2470 6,

1089 2486 1121 2532 Ζ
1156 2501 1181 2531 2
