1638 2755
296 141 885 193 HISTORIARUM
934 139 1236 189 LIBRO&

123 257 169 297 'L
193 255 342 303 Furius,
370 254 456 293 trib.
479 254 528 303 p‘l.
550 267 598 305 9,
622 267 684 298 42.

127 311 170 348 L.
189 311 344 354 Furius,
374 317 531 357 praetor,
563 318 651 343 cum
684 301 796 343 classe
819 314 869 340 ex
899 301 1025 351 Africa
1056 301 1267 353 Lilybaeum
1297 303 1403 343 venir:

183 376 252 414 23,
276 377 336 402 21.
359 361 406 400 ab
423 360 593 400 Arimino
616 358 846 397 Cremonam
869 354 1123 406 proficiscitur
1148 369 1212 406 31,
1230 370 1290 396 21.
1314 368 1405 395 cum

182 416 300 456 Gallis
335 415 532 465 confligit,
564 412 702 461 eosque
737 411 883 457 vincit,
913 410 998 449 ibid.
1038 409 1137 458 petit
1167 411 1405 459 triumphum

181 485 247 519 47.
273 470 321 509 de
353 482 396 507 ea
423 481 462 507 re
490 466 680 515 ancipites
703 465 743 503 in
775 464 906 504 senatu
937 461 1132 502 sententiae
1163 463 1226 512 48.
1261 466 1406 503 trium-

129 581 172 619 L.
183 525 535 617 &uiiussffibaculus
550 604 561 622 ‚
589 572 770 623 quaestor,
789 572 828 610 in
852 570 988 622 proelio
1010 571 1060 610 ad
1083 571 1233 611 Cannas
1258 571 1407 612 occisus

187 647 234 671 22
311 646 324 667 (
340 659 348 667 .

131 688 173 725 L.
200 647 333 725 17ιῖνὶἶὲ
357 683 548 728 camillus,
577 682 762 728 dit‘tator‚
794 680 921 719 reddit
948 680 1118 719 Patribus
1143 679 1410 730 poffeffionem

186 739 379 790 pristinam
405 735 622 774 consulatus
647 751 694 785 7,
718 749 776 780 24.
795 735 845 773 ob
868 735 906 773 id
936 734 1111 772 meritum
1142 734 1216 772 cos.
1239 744 1410 783 creatur,

184 795 271 832 ibid.
297 789 444 841 collega
472 799 625 828 mortuo
643 820 653 836 ‚
680 788 780 827 solus
805 788 1083 838 rempublicam
1108 790 1141 827 6<
1165 787 1305 827 bellum
1324 788 1412 828 Gal*

186 846 304 886 licum
333 844 570 883 administrat
605 857 666 895 25.
699 843 818 881 vincit
846 842 976 881 Gallos
1008 843 1068 881 26.
1105 842 1284 881 adversus
1312 844 1412 882 (ὲκε-

185 913 252 939 cos
268 900 316 938 ad
341 911 444 937 oram
472 898 701 937 maritimam
724 897 934 947 profectus,
959 895 1101 934 nullam
1120 896 1413 935 memorabilem

184 967 265 993 rem
282 953 402 1003 gerit,
422 953 506 991 ibid.
530 953 693 990 dictator
713 952 751 989 in
771 963 898 1001 pugna
916 949 1094 989 adversus
1111 952 1332 998 Auruncos,
1346 964 1417 993 vo-¹

189 1017 254 1048 vet
277 1008 399 1046 aedem
426 1006 567 1053 ,Iunoni
590 1006 759 1045 Monetae
788 1005 852 1044 28.

136 1066 180 1104 L.
193 1063 319 1101 Furius
334 1061 501 1100 Camillus
519 1090 529 1107 ‚
545 1059 619 1097 cos.
641 1059 664 1097 8
678 1089 689 1108 ‚
723 1071 779 1110 13.
803 1058 907 1108 capit
932 1058 1073 1096 Pedum
1100 1059 1288 1109 oppidum
1307 1090 1316 1107 ,
1330 1060 1416 1099 ibid.

189 1114 426 1165 triumphat,
454 1114 538 1152 ibid.
565 1113 684 1152 statua
717 1113 897 1162 equestris
920 1114 955 1150 ei
984 1113 1023 1149 in
1051 1112 1134 1151 foro
1167 1115 1308 1163 polita,
1329 1115 1415 1151 ibid.

190 1172 273 1219 ejus·
293 1169 416 1207 oratio
441 1168 490 1206 ad
513 1167 685 1206 senatum
707 1167 755 1205 de
776 1166 918 1206 Latinis
943 1165 1117 1216 populis,
1140 1168 1223 1208 ibid.
1250 1167 1322 1206 cos.
1349 1170 1418 1207 ite=

189 1237 275 1262 rum
298 1237 359 1276 29.

137 1282 180 1319 L.
210 1279 336 1319 Furius
357 1275 592 1315 Medullinus,
626 1274 700 1328 (In
724 1276 786 1312 hoc
810 1275 943 1313 nomine
964 1274 1056 1312 tanti
1087 1287 1212 1310 errores
1240 1272 1423 1324 implicans

194 1333 291 1383 apud
310 1331 472 1377 Livium,
495 1341 533 1367 ut
558 1331 656 1367 haud
668 1328 782 1380 facile
809 1331 858 1366 ad
877 1329 1043 1381 liquidum
1066 1327 1204 1378 perduci
1234 1341 1286 1363 res
1306 1325 1418 1375 poffi'r.

193 1386 270 1421 Nec
289 1384 382 1421 tanti
402 1384 456 1436 est.
488 1383 610 1434 Itaque
632 1397 844 1430 apponemus
863 1397 903 1419 ea
919 1383 1015 1421 loca,
1035 1382 1072 1413 ill
1087 1379 1210 1427 quibus
1228 1380 1269 1417 L.
1286 1381 1419 1417 Furius

194 1437 419 1475 Medullium
454 1437 604 1478 aliquem
642 1428 872 1478 magistratum
904 1429 1028 1481 gqffiffi
1060 1431 1210 1480 dicitur,
1237 1432 1316 1469 licet
1350 1447 1420 1470 mm

197 1485 312 1524 onmia
336 1484 371 1521 in
386 1496 490 1520 unum
508 1482 676 1521 hominem
696 1482 925 1527 conveniam,
939 1483 974 1519 G
987 1485 1060 1532 sint
1080 1485 1117 1521 in
1131 1487 1220 1522 duos
1232 1486 1336 1537 trefhe
1352 1488 1423 1537 disz

191 1538 382 1592 perrienda.
396 1536 412 1589 )
426 1535 532 1575 Trib.
550 1534 658 1573 milit.
681 1534 866 1573 consulari
882 1536 1066 1584 potestate
1082 1553 1127 1586 4,
1145 1552 1192 1587 25
1210 1541 1245 1578 ἃ
1264 1555 1281 1589 3
1295 1551 1325 1586 ς.
1349 1539 1425 1576 item

193 1605 278 1631 rum
305 1604 369 1637 44.
399 1599 548 1628 creatur
572 1588 646 1627 cos.
676 1601 736 1641 51.
769 1588 846 1627 cos.
873 1589 1010 1628 iterum
1040 1591 1136 1641 54&
1157 1591 1220 1629 61.
1244 1592 1331 1629 trib.
1353 1591 1423 1628 mi—

193 1644 251 1685 lit.
267 1643 452 1683 consulari
473 1644 658 1693 potestate
678 1672 687 1689 ,
711 1653 799 1680 cum
816 1644 893 1690 jam
922 1644 1074 1682 functus
1098 1656 1142 1682 eo
1166 1644 1312 1682 honore
1333 1644 1425 1683 esset.

199 1713 259 1751 57.
282 1699 437 1736 tertium
459 1711 475 1750 5
495 1729 506 1746 ‚
531 1711 587 1746 ¹4·
614 1706 788 1747 quartum
817 1697 874 1736 16.
905 1697 1079 1747 quintum
1115 1711 1175 1745 24.
1199 1698 1343 1736 sextum
1363 1699 1424 1739 26⁴

196 1753 395 1803 septimum
426 1766 487 1804 ⁴32.

143 1811 187 1850 L.
215 1808 341 1845 Furius
366 1805 561 1857 Purpureo,
590 1804 677 1844 trib.
705 1803 813 1844 milit.
842 1819 901 1856 27.
927 1819 960 1845 2.
990 1813 1126 1855 praetor
1155 1820 1227 1859 31,
1254 1821 1289 1854 4.
1319 1806 1426 1845 smi-

200 1872 259 1900 tur
283 1858 443 1899 Galliam
465 1859 489 1898 6
516 1860 551 1897 6-
575 1872 633 1897 10.
661 1857 791 1897 Gallos
818 1860 937 1897 vincit
972 1873 1031 1898 21.
1060 1859 1155 1909 petit
1187 1860 1427 1910 triumphum

200 1929 262 1966 47.
282 1914 330 1952 de
349 1926 392 1951 ea
416 1925 456 1951 re
476 1913 587 1951 variae
611 1914 649 1950 in
673 1912 803 1951 senatu
828 1913 1021 1951 sententiae
1047 1913 1111 1962 48.
1126 1914 1341 1964 triumphat
1363 1929 1426 1967 49*

198 1978 345 2007 creatur
368 1964 502 2006 consul
534 1980 578 2019 33
597 1997 609 2013 ,
635 1980 698 2015 24.
727 1980 792 2016 per
817 1967 955 2006 tribum
994 1968 1214 2016 Sappiniam
1248 1969 1287 2006 in
1312 1969 1429 2017 Bojoa

199 2024 303 2061 venit
330 2034 387 2073 37.
428 2021 632 2071 populatur
665 2034 796 2070 agrum
827 2021 1007 2070 Bojorum
1027 2052 1037 2063 „
1065 2023 1147 2059 ibid.
1182 2023 1282 2061 aedes
1313 2024 1359 2061 ab
1381 2035 1430 2061 eo.

199 2084 297 2114 votae
325 2089 400 2128 34,
434 2088 492 2128 53.
519 2087 588 2127 35,
613 2088 677 2122 41.
701 2074 847 2125 legatus
878 2088 948 2126 37,
983 2089 1041 2128 55.
1070 2075 1197 2114 relistit
1223 2077 1292 2118 Cn.
1320 2077 1432 2116 Man⁹

200 2129 278 2176 lio,
303 2128 538 2178 triumphum
570 2129 718 2178 petenti
750 2128 818 2180 38,
853 2145 904 2178 44
924 2131 958 2168 ἃ·
984 2141 1045 2179 4ς.
1077 2129 1172 2181 cfi&
1198 2143 1256 2181 54.
1292 2143 1429 2180 magna

203 2183 450 2220 contentione
477 2181 677 2220 censuram
706 2182 802 2232 petit
836 2196 906 2236 39,
931 2197 993 2231 40.
1022 2182 1168 2233 legatus
1193 2185 1232 2222 in
1264 2184 1430 2224 Galliam

164 2252 166 2254 ·
205 2234 492 2284 Transalpinam
524 2237 690 2274 mittitur
718 2250 775 2288 54.

151 2292 194 2330 L.
224 2290 353 2327 Furius
382 2290 586 2339 P'uqvureo⁷
617 2288 762 2340 legatus
795 2290 844 2329 ad
870 2289 1078 2330 concilium
1112 2291 1326 2331 AEtolorum
1357 2304 1432 2342 31,

209 2358 267 2394 29.
290 2344 371 2390 ejus
395 2343 514 2379 oratio
536 2357 598 2395 3¹·

152 2399 194 2436 L.
213 2397 338 2433 Furius
358 2396 511 2444 Philus,
536 2404 683 2434 creatur
707 2405 843 2446 praetor
862 2412 911 2446 42
925 2428 937 2446 ‚
958 2397 1017 2439 28.
1038 2398 1188 2437 sortitur
1215 2398 1431 2440 Sardiniam

209 2463 267 2503 31.
296 2449 471 2500 pontifex
495 2449 657 2488 moritur
679 2463 727 2502 43
745 2480 755 2497 ‚
786 2463 843 2502 13.
