1638 2755
529 122 794 170 INDEX
843 121 919 167 IN
969 121 1025 169 T.
1069 123 1269 168 L1V11

312 231 500 273 Antonius
527 231 574 270 ab
598 231 760 271 Octavio
790 243 888 282 125,
921 244 984 283 3ι,
1024 243 1084 282 32.
1107 231 1229 269 fames
1260 230 1356 277 1264
1387 229 1444 270 16.
1471 228 1541 269 ob·

311 286 391 326 seffi
424 287 663 335 eruptionem
691 292 907 330 tentantes,
936 296 1024 323 curn
1053 285 1285 324 detrimento
1315 286 1539 333 rejiciuntur

317 355 364 392 17
393 340 429 378 6»
457 340 515 379 18.
550 340 589 377 in
618 338 811 379 Perufinos
838 338 1022 379 Octavius
1059 338 1111 377 est
1146 339 1334 378 immitior
1372 351 1434 392 3ο.
1469 338 1537 378 Pe-

314 395 410 434 rufia
435 394 617 433 incendio
645 393 814 439 deletur,
841 394 927 431 ibid.
1043 404 1046 408 ’

259 449 426 501 Perusina
453 448 591 487 cohors
619 460 694 500 23,
725 461 785 498 17.

258 503 414 553 Perufini
435 502 630 542 caeduntur
659 514 679 539 a
699 501 886 540 Romanis
916 514 982 549 10,
1006 514 1067 554 30.
1094 498 1283 539 rebellant
1309 513 1369 553 3¹·
1394 500 1541 539 Perusi-

310 570 450 596 norum
479 565 642 607 quatuor
674 555 793 594 millia
821 557 855 595 &
888 555 1086 605 quingenti
1114 555 1246 603 occisi,
1272 555 1356 593 ibid.
1392 553 1538 592 abietes

311 613 352 650 in
366 611 610 650 fabricandas
626 621 740 648 naves
753 640 763 658 ,
779 611 813 649 ἃ
834 609 1014 648 frumenti
1038 621 1218 660 magnum
1237 619 1439 647 numerum
1456 606 1543 658 pol-

310 665 474 704 licentur
499 663 671 714 Scipioni
698 663 769 712 28,
790 677 854 716 45.
1383 701 1386 704 ,

256 720 416 771 Peffinus
439 721 477 757 in
504 717 663 768 Phrygia
690 731 760 770 29,
792 731 850 756 10.
897 730 967 769 34,
995 729 1026 769 3.
1055 717 1127 770 38,
1158 715 1216 756 18.
1246 716 1347 757 Idaea
1374 716 1501 757 Mater
1519 729 1542 756 a

313 773 528 813 Peffinunte
556 772 721 811 Romam
749 771 905 810 adveeta
938 786 1009 824 29,
1040 785 1084 810 10
1107 773 1141 811 δ’
1170 784 1227 809 11.

258 828 474 879 Pestilentia,
489 829 658 877 pecudes
683 825 932 874 hominesque
947 825 984 863 in
1002 825 1093 864 ur‘oe
1119 825 1330 875 corripiens
1344 855 1354 871 ‚
1371 827 1405 864 Sc
1423 824 1543 875 gravi-

312 884 445 922 darum
468 879 666 920 abortibus
693 878 948 918 formidabilis
977 893 1048 928 14,
1082 893 1138 917 11.
1171 880 1252 927 ejus
1279 878 1387 917 causa
1412 879 1542 918 clavus

311 937 492 987 pangitur
514 950 563 986 7,
592 947 623 985 3.
654 947 700 982 14
715 966 725 981 ,
748 934 807 973 26.
829 933 1042 983 pestilentia
1058 964 1067 979 ,
1094 945 1176 982 quae
1203 933 1322 984 magis
1344 934 1383 971 in
1403 933 1542 985 longos

311 992 492 1035 morboS,
515 1001 630 1039 quam
659 989 699 1025 in
727 986 951 1037 perniciales
979 987 1094 1026 evafit
1122 1001 1196 1037 27,
1218 1000 1278 1038 23.

256 1047 372 1098 Pestis
396 1045 529 1084 Romae
564 1056 603 1090 ι,
631 1054 690 1094 31.
717 1057 764 1096 3,
791 1041 937 1093 6θ32.
963 1057 1012 1089 4,
1036 1055 1097 1089 21,
1123 1054 1185 1093 25,
1208 1042 1302 1092 30&
1322 1054 1380 1093 52.
1410 1054 1454 1093 5,
1483 1053 1541 1090 13·

313 1102 362 1146 6,
395 1112 458 1138 20.
481 1111 530 1145 7„
556 1110 637 1143 ¹52
663 1096 698 1133 δ’
725 1110 785 1146 27,
815 1095 937 1143 8,17
958 1095 993 1132 ὅ»
1022 1095 1079 1135 18.
1104 1109 1147 1147 9,
1176 1095 1235 1133 28.
1271 1108 1341 1140 ιο,
1363 1107 1403 1144 3¹
1425 1095 1541 1144 6³47.

311 1167 379 1201 4ο,
405 1167 450 1206 ¹9
467 1154 499 1191 ξε
521 1164 577 1203 37.
598 1164 673 1198 41,
689 1151 750 1189 26.
768 1149 957 1200 Syraeufis
979 1162 1024 1203 25
1040 1179 1051 1197 ,
1071 1150 1131 1189 26.
1153 1149 1193 1186 in
1216 1148 1449 1187 exercitibus
1466 1147 1546 1188 Ro-

311 1220 427 1246 mano
453 1206 674 1254 Punicoque
696 1204 768 1250 28,
791 1204 854 1251 46.

257 1262 413 1308 Petelia,
439 1260 527 1299 urbs
554 1260 592 1297 in
621 1258 775 1298 BrUttiis
806 1272 848 1311 23
867 1287 878 1303 ,
913 1270 972 1308 30.
995 1271 1066 1307 27,
1089 1255 1150 1295 26.

254 1317 490 1355 Petelinorum
502 1314 597 1353 fides
614 1325 701 1361 erga
714 1312 923 1357 Romanos,
938 1314 972 1349 ὅ(
991 1310 1131 1361 legatio
1147 1310 1195 1349 ad
1211 1309 1382 1348 senatum
1399 1323 1461 1359 23,
1483 1317 1544 1349 '20.

256 1371 437 1409 Petelinus
466 1367 573 1407 lucus
599 1379 716 1415 prope
741 1366 905 1405 Romam
928 1366 974 1411 6,
1000 1379 1059 1403 20.
1085 1368 1126 1404 in
1147 1377 1193 1404 eo
1219 1364 1378 1403 comitia
1395 1363 1540 1414 habita,

312 1423 451 1473 quibus
480 1424 682 1461 damnatur
709 1420 766 1458 M.
783 1419 972 1466 Manlius,
994 1420 1078 1459 ibid.
1470 1418 1473 1422 ’

253 1478 407 1518 «Petillia
430 1477 577 1526 rogatio
602 1474 668 1523 38,
696 1488 753 1527 54

255 1535 299 1572 L.
317 1531 485 1569 penufius
500 1561 510 1577 ,
526 1530 671 1580 legatus
696 1528 744 1566 ad
770 1527 972 1575 Gentium,
994 1525 1209 1578 Illyriorum
1234 1539 1363 1577 regem
1383 1540 1454 1574 44,
1480 1540 1540 1576 27,

309 1599 330 1624 a
358 1585 495 1625 Gentio
526 1583 733 1633 conjicitur
754 1581 796 1620 in
822 1593 1012 1621 carcerem
1032 1611 1042 1629 ‚
1073 1582 1157 1620 ibid.
1190 1581 1372 1620 liberatur
1394 1580 1441 1619 ab
1458 1581 1543 1619 Ani.
1571 1627 1577 1631 ι

311 1640 393 1687 cio,
421 1648 580 1687 praetore
612 1650 672 1689 32.

254 1696 295 1734 L.
314 1694 503 1741 Pedibus,
529 1692 649 1731 scriba
677 1704 743 1739 40,
774 1703 836 1743 29.
861 1689 901 1728 in
925 1691 1008 1738 ejus
1032 1701 1121 1740 agro
1151 1688 1235 1728 libri
1261 1689 1399 1728 Numae
1425 1689 1544 1729 Pom·

309 1747 391 1798 pilii
411 1748 583 1794 inventi,
602 1747 689 1784 ibid.

254 1803 333 1842 duo
350 1803 396 1853 Q.
413 1801 577 1847 Petillii,
605 1799 747 1839 tribuni
768 1798 820 1849 pl.
856 1799 959 1837 diem
993 1797 1126 1836 dicunt
1158 1797 1333 1847 Scipioni
1362 1797 1543 1837 Africano

311 1856 385 1910 38,
413 1869 471 1908 50.
495 1853 563 1892 illo
587 1863 761 1902 mortuo,
777 1853 1016 1903 rogationem
1033 1851 1284 1902 promulgant
1307 1851 1355 1890 de
1378 1851 1543 1901 pecunia

308 1911 409 1960 regis
436 1907 617 1948 Antiochi
644 1922 703 1962 54.

256 1965 306 2016 Q.
337 1963 506 2002 Petimus
528 1963 700 2015 Spurinus
719 1967 868 1999 creatur
890 1967 1046 2010 praetor,
1077 1960 1112 1998 ἅ
1132 1958 1283 1997 sortitur
1309 1957 1542 2006 jurisdictio-

309 2030 399 2055 nem
424 2017 607 2055 urbanam
626 2029 701 2061 40,
723 2014 783 2053 18.
808 2015 901 2052 duas
924 2013 1092 2062 legiones
1114 2011 1380 2050 tumultuarias
1397 2013 1541 2051 civium

310 2071 423 2110 Rom.
450 2069 611 2108 scribere
639 2067 794 2116 jubetur
821 2069 880 2107 26.
916 2066 1036 2105 libros
1060 2067 1195 2106 Numae
1233 2065 1411 2115 Pompilii
1438 2066 1543 2116 legit,

311 2124 453 2175 eosque
473 2136 518 2162 ex
543 2120 867 2161 senatusconfiilto
884 2121 1059 2159 comburi
1085 2128 1190 2159 curat
1207 2134 1270 2173 29.
1303 2129 1452 2158 creatur
1468 2119 1543 2158 cos.

310 2193 358 2228 41
378 2208 388 2224 ‚
424 2177 483 2217 18.
504 2177 537 2215 ei
566 2175 789 2215 sacrificanti
816 2175 853 2213 in
880 2175 1048 2223 jecinore
1074 2187 1153 2212 non
1175 2175 1374 2212 inventum
1402 2184 1541 2223 caput,

311 2234 397 2271 ibid.
424 2231 577 2281 jubetur
598 2230 697 2269 bove
720 2229 922 2280 perlitare,
943 2230 1027 2268 ibid.
1052 2228 1242 2282 occiditur
1270 2229 1310 2267 in
1325 2227 1463 2278 proelio
1478 2227 1542 2270 ad-

312 2286 438 2326 versus
463 2286 619 2336 Ligures
649 2299 709 2322 22.

256 2342 433 2380 Petitarus
449 2369 460 2389 ,
486 2340 608 2379 amnis
633 2336 783 2378 AEtoliae
799 2350 869 2389 43,
886 2351 946 2386 24.

256 2395 391 2444 Para,
419 2394 608 2446 oppidum
629 2394 666 2431 in
687 2392 803 2432 Pieria
835 2406 881 2446 39
897 2421 908 2437 ,
943 2392 1002 2431 26.
1026 2406 1076 2439 44
1092 2422 1104 2440 ,
1130 2405 1192 2445 32.
1219 2403 1265 2444 45
1283 2420 1295 2438 ,
1323 2401 1386 2438 41.

265 2450 392 2500 Pma,
420 2449 508 2490 urbs
530 2447 706 2491 Maedieae
721 2477 733 2498 ,
755 2454 1000 2499 oppugnatur
1025 2458 1046 2485 a
1072 2445 1249 2498 Philippo
1274 2457 1347 2495 40,
1374 2455 1437 2486 22.
