1638 2755
473 135 738 184 INDEX
794 134 874 183 IN
924 133 982 182 T.
1035 134 1252 181 LIVII

275 250 367 302 pejo
400 246 546 287 bellum
581 244 674 283 facit
700 244 862 283 Octavio
890 242 1023 282 Caesari
1053 256 1112 293 ¹7·
1148 241 1302 281 Antonii
1333 241 1508 292 stratagee

278 317 343 346 ma
382 302 440 341 18.
477 298 660 351 opprimit
703 298 903 339 Servilium
944 311 1002 351 19.
1038 296 1121 347 post
1161 305 1326 334 mortem
1365 295 1507 335 Fulviae

278 359 378 396 inter
405 355 613 396 Antonium
642 355 678 392 &
710 352 916 392 Odtavium
950 363 1025 401 pax
1063 349 1265 390 conficitur
1309 364 1354 403 23
1383 349 1417 387 ἃ
1444 363 1504 398 24.

278 423 396 451 ovans
416 408 626 460 ingreditur
650 407 782 445 urbem
814 420 876 457 27.
904 405 1012 443 ducit
1040 403 1366 451 Ouaviamstbid.
1393 403 1508 443 Oetae

279 466 386 505 vium
411 464 525 513 eripit
553 460 721 511 periculo
752 474 814 514 30.
844 459 998 498 Antonii
1026 461 1062 498 δε
1089 458 1240 498 Ostavii
1267 456 1506 507 colloquium

282 531 374 557 cum
399 518 584 567 Pompejo
611 519 646 554 &c
671 514 912 553 conditiones
940 513 1043 562 pacis
1072 526 1122 567 37
1141 512 1176 550 δ’
1198 511 1260 565 38.
1286 520 1418 550 mutua
1440 523 1510 549 eo-

279 586 366 612 rum
396 571 571 610 convivia
602 582 665 616 41.
698 570 817 608 noctu
845 567 981 607 urbem
1014 568 1129 606 intrat
1163 565 1346 605 Antonius
1376 580 1440 614 42.
1470 563 1509 603 se

279 625 476 668 Bacchum
508 621 677 674 appellat
706 636 770 671 44.
805 621 840 661 ei
876 620 1124 661 Athenienses
1156 619 1369 659 Minervam
1402 618 1509 657 suam

249 717 254 728 x
282 679 513 729 desponsant
531 690 593 729 45.
619 689 772 715 morum
795 678 877 724 ejus
900 675 1152 714 inconstantia
1172 674 1234 722 46.
1249 673 1396 712 invidet
1409 673 1511 711 Vena

283 735 408 781 tidio‚
435 745 494 771 res
519 730 697 770 adversus
710 730 868 771 Parthos
895 729 1043 780 egregie
1065 728 1206 779 gerenti
1237 726 1331 775 128,
1356 742 1416 773 24.
1444 739 1514 764 au·

280 788 417 828 xilium
444 787 518 826 fert
539 785 703 825 Octavio
732 799 793 838 39.
821 783 1031 824 Antonii&
1054 781 1205 822 Caesaris
1225 789 1418 821 certamen
1444 779 1512 817 hu-

281 842 478 884 manitatis
511 854 573 888 42.
599 852 699 877 nova
718 838 817 876 inter
845 850 910 876 eos
939 839 1071 886 pacta,
1091 838 1207 876 etiam
1238 836 1285 874 de
1310 835 1510 874 retinendo

282 895 525 935 triumviratu
540 908 586 948 43
606 895 715 941 6²44·
746 894 828 942 ejus
849 890 1003 930 consilia
1030 891 1078 929 de
1103 889 1206 929 bello
1221 888 1394 929 Parthico
1426 903 1513 941 129,

283 952 348 998 46.
365 948 511 987 arcessit
524 948 767 996 Cleopatram
785 977 796 994 ‚
817 947 926 994 eique
952 944 1072 983 multa
1097 945 1217 983 donat
1236 958 1287 993 47
1302 942 1410 990 6¹48.
1429 944 1512 989 ejus

286 1004 337 1043 ad
368 1002 510 1042 bellum
547 1000 764 1041 Parthicum
791 1001 983 1039 exercitus
1014 1013 1113 1052 130,
1140 1012 1171 1038 1.
1196 999 1276 1046 ejus
1303 996 1513 1046 expeditio<

286 1059 347 1096 nis
377 1057 470 1095 vitia
498 1072 531 1095 2.
570 1055 718 1094 obsidet
753 1053 909 1104 Praaspa
937 1068 971 1107 3.
999 1060 1145 1102 pugnat
1175 1065 1262 1090 cum
1297 1049 1444 1091 Parthis
1477 1049 1515 1091 6,

286 1111 443 1160 castigat
471 1110 576 1154 suos,
615 1108 720 1158 quod
749 1107 964 1158 Praaspefiis
996 1107 1178 1145 cesserant
1209 1106 1244 1145 8.
1279 1105 1426 1145 recedit
1463 1115 1512 1141 ex

226 1200 229 1203 .
285 1165 421 1206 Media
454 1178 511 1202 12.
542 1176 628 1201 eum
662 1163 866 1201 abeuntem
898 1160 1075 1200 infestant
1104 1160 1230 1200 Parthi
1267 1173 1323 1208 14.
1360 1157 1515 1197 Antonii

287 1221 324 1259 ἃ
355 1217 522 1257 militum
548 1225 681 1255 mutua
706 1216 840 1255 caritas
867 1229 928 1266 17.
950 1217 1029 1263 ejus
1053 1214 1182 1264 copias
1212 1222 1346 1264 praeter
1368 1211 1516 1250 hostem

287 1273 365 1312 fitis
395 1281 504 1322 urget
530 1284 590 1310 21.
617 1271 772 1309 Antonii
801 1269 1011 1318 desperatio
1038 1283 1098 1308 22.
1127 1280 1214 1307 eum
1242 1266 1418 1306 defluunt
1432 1277 1513 1315 per.

287 1325 392 1376 sequi
408 1324 533 1365 Parthi
559 1338 617 1376 23.
641 1325 690 1362 ad
711 1323 952 1373 Cleopatram
979 1335 1208 1372 properans,
1225 1333 1292 1371 per
1313 1320 1514 1360 continuas

288 1382 396 1420 nives
420 1379 709 1430 Cappadociam
738 1377 864 1416 tranlit
893 1376 940 1415 28
955 1379 1065 1429 6³29.
1093 1375 1304 1417 secundum
1321 1374 1395 1414 cos.
1417 1387 1485 1426 131
1501 1403 1515 1421 ‚

286 1447 353 1489 33.
387 1432 478 1472 dolo
506 1433 609 1481 capit
649 1431 877 1471 Artavasden
908 1445 969 1485 39.
1007 1436 1173 1480 occupat
1202 1429 1418 1470 Armeniam
1447 1441 1511 1474 40.

284 1487 522 1528 Alexandriae
538 1485 748 1534 triumphat
767 1499 829 1534 41.
846 1486 928 1533 ejus
952 1484 1000 1523 ad
1018 1483 1293 1524 Alexandrinos
1315 1483 1435 1521 oratio
1448 1496 1510 1533 43.

290 1544 325 1580 ἃ
341 1542 388 1580 ad
411 1541 579 1579 senatum
601 1539 716 1578 literae
743 1539 806 1587 48.
823 1539 966 1577 artibus
981 1534 1192 1588 Cleopatrae
1209 1536 1410 1575 fascinatus
1435 1535 1516 1573 bel-

288 1595 369 1634 lum
399 1595 437 1632 in
462 1595 503 1634 C.
525 1592 727 1634 Octavium
750 1591 908 1631 molitur
936 1607 983 1646 57
1010 1592 1045 1630 6³
1070 1591 1128 1645 58.
1165 1599 1305 1630 mutuae
1332 1591 1518 1628 crimina-

287 1650 414 1688 tiones
430 1650 492 1688 60.
519 1647 721 1697 Cleopatra
736 1646 988 1696 exprobratur
1008 1645 1173 1685 Antonio
1192 1645 1254 1684 61.
1275 1644 1401 1683 foedus
1425 1656 1515 1682 cum

288 1716 377 1754 tege
405 1703 612 1741 Medorum
643 1701 737 1740 faoit
761 1701 823 1740 62.
855 1700 904 1738 ad
932 1713 1019 1740 eum
1054 1699 1197 1738 abeunt
1223 1697 1395 1737 consules
1423 1710 1518 1748 132,

291 1771 325 1796 2.
351 1756 500 1796 Antonii
520 1754 632 1794 luxus
664 1769 701 1802 4.
727 1753 929 1803 repudium
960 1754 1075 1792 mittit
1104 1753 1271 1792 Octaviae
1299 1767 1330 1806 5.
1364 1752 1518 1791 Anto-nii

288 1812 555 1849 testamentum
592 1809 792 1855 recitatur,
816 1807 922 1856 quod
958 1809 993 1846 ei
1027 1807 1157 1846 odium
1183 1807 1318 1856 populi
1348 1813 1450 1844 creat
1479 1804 1502 1842 8

289 1863 513 1910 consulatus
548 1861 753 1911 abrogatur
793 1861 960 1901 Antonio
997 1875 1053 1901 11.
1082 1862 1163 1910 ejus
1193 1861 1316 1907 vires,
1346 1862 1381 1899 &
1409 1872 1517 1908 reges

288 1918 488 1957 auxiliares
516 1917 560 1955 16
579 1917 613 1955 δ’
630 1930 689 1964 ¹7·
705 1915 852 1954 hiemat
867 1915 980 1954 Patris
1005 1929 1065 1953 21.
1089 1921 1318 1963 provocatus
1342 1913 1389 1952 ab
1404 1914 1520 1952 Oc‘ta-

289 1973 354 2010 vio
379 1971 428 2010 ad
455 1969 632 2020 proelium
649 1998 659 2016 ,
689 1968 851 2007 vicissim
880 1967 1104 2018 singularem
1131 1980 1300 2017 pugnam
1324 1966 1446 2017 poscit
1470 1981 1519 2007 22.

290 2027 326 2064 6·
342 2038 405 2077 23,
435 2023 575 2062 multos
599 2023 646 2061 ad
669 2022 710 2062 C.
729 2023 935 2062 oetavium
956 2022 1106 2060 transire
1136 2029 1318 2060 conantes
1336 2020 1521 2063 interficit

292 2091 352 2129 32.
379 2077 490 2116 classe
512 2077 632 2115 victus
663 2076 711 2115 ab
737 2076 778 2116 C,
802 2076 988 2124 Octavio,
1010 2075 1180 2126 profugit
1212 2087 1309 2128 133,
1342 2073 1450 2112 1-8.
1475 2074 1515 2112 in

289 2131 502 2182 Cleopatra:
541 2143 677 2169 navem
716 2131 900 2179 recipitur
942 2143 1002 2169 12.
1046 2130 1178 2179 ibique
1215 2128 1385 2167 triduum
1418 2127 1518 2166 solus

287 2186 406 2235 exigit
431 2186 469 2223 in
499 2198 608 2234 prora
643 2198 700 2237 13.
735 2185 920 2222 exercitus
949 2186 1031 2230 ejuS
1061 2184 1098 2220 in
1129 2182 1247 2223 fidem
1279 2182 1429 2222 Octavii
1453 2194 1518 2220 ve-

284 2239 344 2277 nit
370 2253 427 2287 14.
455 2239 639 2278 Antonius
662 2239 700 2275 in
733 2237 893 2287 Libyam
925 2236 1073 2275 delatus
1101 2236 1237 2275 condit
1261 2234 1298 2274 se
1323 2235 1360 2272 in
1390 2234 1519 2274 solitu-

287 2293 420 2331 dinem
454 2307 514 2342 27.
552 2291 824 2331 Alexandriam
855 2291 964 2329 venit
992 2305 1053 2344 29.
1080 2291 1256 2330 Timonis
1289 2291 1407 2329 vitam
1441 2289 1518 2338 agir

284 2361 347 2400 ⁴30.
375 2358 489 2395 quam
525 2358 617 2385 mox
650 2344 772 2395 epulis
807 2353 931 2383 mutat
957 2358 1016 2398 31.
1045 2358 1132 2384 eum
1158 2347 1291 2393 juvare
1330 2350 1520 2382 conantur-

281 2399 509 2450 gladiatores
544 2415 608 2452 32.
638 2401 719 2446 ejus
741 2398 788 2436 ad
816 2398 1066 2437 Paraetonium
1096 2399 1296 2448 expeditio
1330 2411 1391 2449 33.
1419 2395 1516 2444 lega<

282 2462 342 2495 tos
363 2453 477 2497 mittit
504 2453 551 2496 ad
577 2452 780 2495 Octavium
806 2465 861 2506 3ςΓ
899 2454 948 2492 de
973 2453 1152 2497 extremis
1178 2453 1324 2502 cogitat
1353 2464 1413 2503 45„
1433 2461 1518 2500 pro„
