1638 2755
474 105 741 155 INDEX
787 106 864 155 IN
911 109 967 158 T.
1007 112 1216 159 L1V11

255 211 404 252 stitutos
435 212 528 253 facit
562 228 620 264 17.
648 216 689 254 in
714 228 800 254 eum
827 215 973 255 senatus
998 217 1216 269 malignitas
1248 234 1306 273 ¹9·
1341 222 1376 261 ἅ
1401 222 1485 262 Aul-7

256 268 355 304 tonii
393 281 454 307 20.
483 281 577 318 quos
606 268 667 306 ille
700 271 970 320 magnitudine
999 272 1113 311 animi
1152 273 1300 324 superat
1329 289 1389 314 21.
1420 289 1481 315 ac-

254 321 368 369 quirit
395 321 515 361 studia
538 320 660 371 plebis
689 337 748 364 22.
781 325 934 362 Antonii
959 324 1103 365 invidia
1135 326 1174 364 in
1196 340 1310 376 eum,
1330 330 1365 367 δι
1389 340 1481 370 cum

253 386 301 413 eo
336 374 481 415 reditus
512 375 550 413 in
589 378 747 425 gratiam
781 378 828 417 26
854 377 888 414 δ’
923 392 983 428 27.
1028 379 1169 418 iterum
1205 382 1479 430 contendunt,

252 439 418 477 eumque
454 429 666 477 suspectum
703 430 818 468 habet
845 432 1031 471 Antonius
1061 446 1119 483 30·
1149 434 1344 484 utriusque
1367 448 1484 486 appa-

250 491 354 520 ratus
378 482 426 520 ad
449 482 590 522 bellum
625 485 684 535 36.
724 485 927 524 octavium
956 487 995 523 in
1014 487 1148 526 urbem
1173 487 1331 527 adducit
1358 489 1483 529 Canu·

251 535 329 572 tius
355 547 413 586 37.
446 538 568 576 oratio
597 537 744 577 Oc“tavii
776 539 824 576 ad
847 538 1034 589 populum
1057 556 1120 590 44.
1152 554 1240 581 eum
1275 543 1483 582 destituunt

251 589 443 637 veterani,
461 589 524 629 sed
550 603 637 629 mox
664 599 900 630 revertuntur
931 606 978 643 45
1000 593 1035 630 δ’
1058 595 1121 643 46.
1158 607 1298 645 anceps
1329 596 1484 636 Octavii

255 641 509 690 deliberatio,
533 646 567 683 ἅ
592 645 710 694 copiae
737 658 784 696 54
812 647 846 684 6³
872 647 929 699 56.
953 647 1123 686 senatum
1150 649 1325 688 defendit
1349 659 1483 689 contra

252 697 463 737 Antonium
485 711 499 735 1
514 698 580 744 18,
598 713 631 736 2.
659 698 697 736 in
724 700 806 747 ejus
835 699 1006 739 favorem
1024 700 1143 740 multa
1165 701 1315 741 senatus
1330 703 1485 744 decreta

257 763 315 789 10.
338 751 447 789 variae
467 752 720 800 cogitationes
746 753 827 800 ejus
858 768 918 801 24.
948 763 1073 793 totum
1100 754 1136 794 se
1156 755 1343 795 militibus
1365 758 1483 796 tradit

250 804 313 842 26.
344 803 442 842 inter
476 817 579 843 arma
615 804 746 844 studiis
773 818 928 854 operam
960 809 1026 846 dat
1057 823 1117 858 27.
1144 821 1229 848 curn
1266 810 1484 850 consulibus

253 855 438 897 succurrit
466 858 512 897 D.
543 858 658 898 Bruto
693 873 752 912 29.
785 861 820 898 ἃ
841 861 889 898 ad
918 874 1003 899 eum
1034 861 1160 902 literas
1188 863 1308 903 mittit
1338 877 1393 916 3ο,
1430 865 1481 904 ob

253 923 310 950 res
350 911 524 951 adversus
559 914 765 951 Antonium
802 913 899 952 bene
936 916 1053 964 gestas
1085 917 1293 966 imperator
1325 926 1484 957 vocatur

255 978 355 1017 119,
382 979 423 1004 11
441 989 486 995 -
508 981 563 1019 ¹3·
593 967 729 1006 iterum
756 969 907 1018 egregie
928 980 1074 1019 pugnat
1104 971 1160 1010 16.
1185 971 1229 1010 D.
1258 971 1360 1011 Bruti
1381 972 1482 1011 fero-

252 1018 311 1058 cia
335 1021 376 1058 in
403 1020 607 1060 Octavium
638 1035 695 1073 19.
718 1022 753 1059 ei
775 1034 794 1059 a
819 1021 933 1060 Pansa
962 1025 1175 1072 produntur
1201 1024 1354 1063 consilia
1376 1025 1482 1065 sena-

250 1083 314 1111 tus
343 1086 386 1111 21
417 1075 451 1113 6³
478 1089 538 1113 22.
564 1074 734 1125 legiones
762 1075 884 1114 Pansae
908 1078 1151 1116 restituuntur
1167 1079 1328 1118 Octavio
1344 1093 1405 1130 25.
1425 1079 1482 1119 su-

248 1126 370 1175 spicio
392 1128 431 1166 in
452 1140 540 1168 eum
570 1129 618 1168 de
642 1140 766 1167 morte
794 1128 905 1168 Hirtii
935 1135 969 1168 ot
1000 1130 1124 1170 Pansae
1154 1147 1214 1183 27,
1243 1145 1330 1171 eum
1357 1133 1484 1182 depri-

251 1193 356 1218 mere
383 1180 507 1220 studet
535 1181 685 1221 senatus
717 1196 773 1233 32.
811 1184 1164 1223 reconciliationem
1190 1197 1280 1224 cum
1313 1187 1481 1226 Antonio

250 1235 462 1275 meditatur
489 1248 550 1288 35.
585 1237 792 1276 Antonium
828 1239 967 1286 patitur
996 1237 1093 1278 elabi
1130 1239 1191 1292 38.
1232 1239 1418 1289 Lepidum
1444 1242 1482 1280 Sc

248 1288 416 1328 Asinium
446 1289 626 1328 sollicitat
658 1304 716 1343 39.
747 1291 890 1340 decipit
916 1292 1163 1341 Ciceronem,
1187 1301 1226 1332 ut
1255 1296 1333 1343 ejus
1364 1307 1482 1344 nego-

249 1343 347 1380 tium
374 1344 415 1382 in
445 1343 575 1382 senatu
601 1353 689 1392 agat
717 1358 768 1392 40
794 1345 829 1381 ὅ·
849 1359 911 1392 41.
946 1346 1068 1384 Patres
1093 1348 1141 1385 ad
1169 1359 1256 1386 eum
1285 1355 1482 1388 recurrunt

252 1409 313 1445 52.
340 1397 372 1434 ei
400 1409 421 1435 a
442 1397 573 1436 senatu
608 1397 823 1447 triumphus
850 1411 893 1437 ac
923 1399 1153 1450 stipendium
1180 1402 1395 1440 decernitur
1423 1414 1484 1456 53.

251 1449 402 1489 Oc‘tavii
427 1450 602 1490 adversus
633 1451 803 1490 senatum
833 1454 968 1490 concio
1011 1467 1068 1507 54.
1106 1455 1317 1503 periculum
1343 1455 1395 1494 sui
1423 1458 1480 1505 ip-

250 1503 322 1542 sius
345 1506 379 1542 δέ
404 1504 570 1543 militum
602 1518 679 1544 non
704 1505 770 1543 nisi
795 1505 831 1544 se
852 1506 1005 1546 consule
1029 1508 1163 1547 discuti
1188 1509 1292 1559 poffe
1319 1510 1482 1549 ostendit

256 1558 303 1610 56
321 1559 354 1597 ἐξ
371 1572 429 1611 57.
450 1560 484 1597 ei
506 1559 555 1598 ab
580 1558 709 1598 senatu
736 1560 975 1599 consulatum
1001 1571 1133 1614 petunt
1151 1564 1393 1603 centuriones
1420 1563 1482 1615 58.

250 1611 433 1651 Octavius
456 1613 583 1652 transit
612 1614 853 1652 Rubiconem
877 1615 939 1654 60.
961 1616 1161 1655 contendit
1187 1616 1349 1656 Romam
1379 1618 1425 1657 61
1445 1617 1481 1655 6·

249 1666 314 1718 65.
339 1668 500 1705 urbanas
526 1666 694 1717 legiones
719 1668 757 1706 in
775 1669 1010 1707 deditionem
1031 1672 1173 1720 accipit
1187 1671 1250 1709 66.
1275 1672 1480 1720 pecuniam

248 1730 296 1757 ex
320 1718 498 1766 janiculo
526 1723 756 1770 comportari
786 1722 893 1770 jubet
919 1722 982 1762 68.
1010 1737 1118 1763 novae
1152 1724 1283 1763 formae
1311 1724 1481 1764 comitiis

248 1773 380 1811 consul
416 1774 481 1821 fit,
514 1775 598 1812 ibid.
631 1776 664 1814 ei
700 1789 745 1814 au
775 1780 897 1815 urium
931 1777 1089 1816 Romuli
1119 1778 1287 1817 delatum
1316 1792 1413 1825 120,
1447 1793 1481 1819 1.

248 1826 449 1877 multaque
479 1830 689 1867 decernunt
788 1843 843 1868 res
873 1845 904 1868 2.
931 1831 1005 1869 fert
1026 1832 1149 1882 legem
1179 1846 1221 1871 m
1248 1832 1480 1882 percussores

250 1880 403 1920 Caesaris
435 1895 467 1933 3.
493 1885 637 1932 expetit
661 1884 867 1922 amicitiam
892 1886 1047 1924 Antonii
1073 1900 1111 1934 7.
1143 1889 1224 1934 ejus
1252 1897 1339 1923 cum
1364 1888 1482 1925 Anto-

247 1934 314 1973 nio
331 1935 565 1985 colloquium
589 1950 646 1985 17.
659 1936 884 1975 Ciceronem
899 1938 1038 1986 patitur
1054 1938 1235 1985 proscribi
1256 1939 1314 1978 18.
1329 1938 1480 1978 Trium-

245 1988 388 2027 viratus
415 1990 675 2035 constituitur,
697 1991 895 2040 partesque
923 1992 1020 2029 inter
1042 1992 1279 2032 Triumviros
1305 1993 1479 2031 dividun=

246 2048 308 2079 tur
331 2056 391 2081 20.
415 2044 603 2081 ostentum
637 2043 798 2083 Octavio
829 2044 998 2083 oblatum
1028 2060 1086 2084 22.
1123 2048 1205 2094 ejus
1230 2046 1411 2096 ingressus
1437 2047 1478 2086 in

247 2095 408 2139 urbem,
429 2097 685 2146 &impudens
709 2097 954 2136 dissimulatio
972 2099 1178 2141 voluntatis
1193 2099 1241 2138 26
1257 2102 1290 2138 θ’
1315 2114 1376 2150 27.
1401 2100 1481 2139 col-
1520 2108 1524 2111 '

245 2147 333 2198 lega
358 2151 441 2197 ejus
467 2160 620 2189 mortuo
637 2181 648 2197 ,
672 2151 826 2190 abdicat
849 2152 1085 2192 consulatum
1120 2167 1202 2192 100.
1223 2153 1348 2192 navali
1378 2167 1481 2204 proe-

246 2201 300 2240 lio
324 2202 518 2252 superatur
541 2217 562 2243 a
589 2205 800 2255 Pompejo‚
825 2205 1032 2256 furtimque
1050 2209 1225 2253 traiicere
1252 2220 1395 2247 conans
1415 2221 1481 2246 re-

246 2255 423 2306 pellitur,
454 2271 522 2309 123
540 2287 550 2305 ‚
577 2271 621 2310 3,
641 2273 677 2307 4.
706 2271 795 2297 cum
824 2261 989 2299 Antonio
1017 2262 1055 2298 in
1082 2261 1273 2308 Groeciam„
1291 2261 1418 2299 transit
1440 2262 1477 2303 6,

246 2310 328 2356 ejus
352 2324 438 2350 cum
468 2311 584 2351 Bruto
614 2314 648 2351 ἅ
677 2312 799 2352 Caffio
825 2326 952 2364 pugna
982 2328 1078 2364 124,
1107 2314 1141 2354 8.
1173 2316 1282 2354 variae
1316 2314 1479 2353 difficul-

247 2370 368 2410 tates,
401 2366 539 2414 quibus
573 2366 685 2405 valde
717 2375 877 2406 terretur
913 2381 956 2406 12
986 2368 1021 2406 ὃ·
1054 2383 1109 2417 14.
1139 2369 1258 2407 vincit
1291 2368 1479 2415 BrutumS

183 2448 186 2453 .
251 2429 311 2471 39.
333 2418 481 2460 Octavii
506 2420 644 2461 saevitia
673 2433 733 2475 31.
756 2434 897 2462 novam
926 2434 1016 2463 cum
1042 2424 1211 2463 Antonio
1231 2422 1391 2462 instituit
1421 2421 1479 2461 di»
