1638 2755
483 112 748 160 INDEX
803 114 881 158 1N
933 115 990 160 T.
1029 115 1236 160 LIVII

284 232 333 272 37
350 249 360 267 ‚
392 231 424 271 3.
450 232 497 270 45
515 249 525 268 ,
548 220 605 259 16.
634 232 762 259 murus
785 219 975 269 turresque
1003 220 1231 261 fulminibus
1252 221 1416 262 decuffae
1433 236 1504 276 252

278 288 317 325 7.
340 287 385 326 32
402 288 451 326 ,9
474 273 509 311 6¹
529 287 590 327 29.
618 274 744 313 Naves
771 275 855 313 duae
870 304 880 321 ,
905 274 1070 314 fulmine
1093 276 1200 323 ic’tae,
1225 276 1508 326 conflagrarunt

281 330 359 379 36,
387 340 445 379 37.
473 341 544 375 41,
578 340 640 379 13.
680 329 834 367 navium
869 328 1072 379 longarum
1104 329 1246 379 species
1281 330 1319 368 in
1348 332 1508 369 flumine

281 381 519 427 Tarracinae,
543 394 625 430 quae
647 381 759 421 nullae
782 393 911 430 erant,
933 383 1040 431 vifie,
1066 398 1115 431 24
1131 413 1141 431 ‚
1166 399 1229 431 44.
1248 386 1401 423 navium
1426 383 1510 433 spe-

281 435 359 473 cies
384 434 432 472 de
451 433 552 472 coelo
579 435 716 474 affullit
741 450 783 474 21
802 466 813 483 ,
841 438 904 475 62.
940 437 1029 476 Nox
1058 437 1222 476 interdiu
1251 438 1327 477 visa
1354 438 1506 477 intendi

279 502 307 540 7
325 517 336 535 ‚
366 487 427 527 28.
455 489 544 527 Nux
573 490 621 527 de
645 489 747 528 coelo
780 493 879 529 tacta
903 506 977 537 24,
1010 505 1067 530 10.
1107 490 1236 539 Palma
1256 492 1387 531 viridis
1424 491 1510 530 arsit

279 555 333 589 24
349 571 359 589 ,
383 555 441 581 10.
477 543 518 581 in
543 543 624 581 aede
648 543 882 592 Primigeniae
905 544 1082 583 Fortunae
1111 547 1149 583 in
1182 558 1269 584 area
1297 556 1407 584 enata
1431 560 1477 598 43
1495 575 1510 593 .,

286 609 347 648 15.
378 595 520 635 Parmae
544 597 584 634 in
608 595 707 634 coelo
729 595 814 634 visae
839 610 886 634 22
903 627 915 644 ‚
937 611 967 636 1.
998 598 1212 638 Pestilentia
1236 607 1360 647 tanta,
1384 607 1424 637 ut
1451 599 1513 638 Li-

280 649 402 687 bitina
442 662 519 686 non
557 649 854 698 sufficeret,40‚
891 663 948 701 19·
989 652 1110 690 Pisces
1143 652 1397 699 emerserunt,
1435 665 1512 702 qua

283 702 532 741 induceretur
567 710 752 749 aratrum,
794 701 863 741 sub
903 704 1163 743 exsistentibus
1206 706 1327 755 glebis
1362 720 1438 753 42,
1472 720 1509 745 2.

280 756 423 796 Porcus
452 767 540 793 curn
568 767 633 794 ore
664 754 832 794 humano
863 756 1010 806 genitus
1043 772 1111 809 27,
1139 773 1177 806 4.
1214 771 1350 809 porcus
1380 759 1512 809 biceps

281 818 393 847 natus
420 807 494 854 28,
522 822 579 848 11.
599 822 687 848 cum
716 809 886 848 humano
913 813 1040 860 capite
1066 825 1134 863 32,
1159 827 1196 866 9.
1227 812 1336 852 Porta
1362 814 1409 851 de
1433 825 1511 852 003-

281 863 320 901 lo
348 864 448 901 tacta
474 876 543 915 29,
568 876 626 908 14.
659 875 734 914 32,
756 877 786 902 1.
814 876 857 915 35
875 893 885 907 ,
909 878 946 916 9.
971 878 1049 918 45,
1075 866 1132 905 16.
1163 866 1330 905 Procella
1361 867 1510 916 ingenti

281 917 432 966 fragore
453 916 542 954 coeli
574 915 691 955 effusa
715 917 761 964 8,
789 918 825 956 6.
851 917 1020 956 Prolese
1050 930 1145 957 terra
1168 928 1257 958 nata
1285 935 1299 958 1
1316 950 1326 967 ‚
1351 920 1388 958 8.
1418 920 1513 958 Puer

282 982 372 1009 cum
405 969 603 1020 elephanti
638 973 762 1021 capite
793 980 904 1010 natus
934 986 1013 1022 27,
1047 986 1104 1012 11.
1137 986 1217 1012 non
1246 986 1407 1020 manus,
1432 986 1512 1012 non

282 1025 402 1078 ped-es
425 1023 570 1063 habens
599 1037 669 1075 34,
695 1039 759 1078 45.
787 1025 988 1064 unimanus
1019 1039 1087 1078 35,
1108 1041 1169 1065 21.
1191 1029 1313 1065 trunci
1340 1028 1515 1076 corporis

282 1093 355 1127 41,
394 1092 454 1132 13.
489 1078 647 1128 biceps,
680 1081 714 1118 δι
750 1078 874 1128 puella
903 1092 990 1118 cum
1020 1080 1198 1119 dentibus
1223 1095 1268 1128 41
1287 1112 1298 1128 ,
1320 1082 1381 1119 26.
1405 1081 1514 1129 pueri

284 1133 442 1183 ingenui
475 1132 549 1171 sine
575 1132 698 1171 oculis
723 1134 757 1172 &
783 1132 872 1171 naso
908 1134 986 1172 nati
1023 1147 1093 1186 34,
1119 1149 1182 1187 45.
1210 1133 1308 1174 Pulli
1347 1133 1516 1183 gallina-

282 1188 341 1226 cei
371 1199 458 1225 cum
495 1187 611 1226 ternis
640 1187 802 1237 pedibus
833 1199 898 1238 32,
927 1201 959 1226 1.
994 1188 1199 1238 Sanguinis
1220 1190 1291 1227 rivi
1316 1201 1383 1238 per
1408 1189 1512 1227 diem

280 1250 405 1280 totum
435 1241 581 1279 fluxere
603 1241 642 1279 in
670 1241 754 1280 foro
778 1241 990 1280 Sudertano
1016 1242 1089 1289 26,
1116 1257 1177 1296 23.
1205 1243 1245 1281 in
1275 1252 1382 1293 porta
1409 1242 1517 1282 Min-

279 1296 402 1334 turnis
422 1309 496 1345 27,
530 1307 589 1346 37.
619 1294 808 1346 sanguinis
833 1304 950 1345 guttae
974 1295 1012 1333 in
1036 1297 1121 1334 foro
1146 1298 1180 1335 ἃ
1203 1297 1362 1335 comitio
1387 1298 1421 1335 ὁὶ
1443 1296 1515 1335 Ca-

278 1349 419 1400 pitolio
441 1349 525 1388 visae
555 1362 622 1400 34,
649 1363 712 1401 45.
749 1348 899 1399 sanguis
924 1363 945 1387 e
966 1349 1056 1388 foco
1079 1360 1209 1388 manat
1236 1364 1313 1403 45,
1338 1352 1396 1390 16.
1428 1349 1510 1389 san-

282 1404 396 1453 guine
423 1402 522 1453 pluit
552 1402 731 1449 Calibus,
768 1405 803 1442 ἀ
830 1402 961 1442 Romae
995 1404 1036 1442 in
1070 1403 1156 1442 foro
1183 1405 1318 1444 Boario
1345 1418 1420 1453 24,
1453 1418 1511 1444 10.

283 1471 353 1507 per
382 1457 539 1496 biduum
565 1458 605 1495 in
628 1469 712 1496 area
728 1456 892 1497 Vulcani
926 1470 972 1510 39
988 1489 1000 1507 ‚
1022 1459 1085 1505 46.
1113 1460 1149 1497 &
1170 1460 1210 1497 in
1233 1471 1318 1497 area
1346 1459 1515 1498 Concor-

288 1511 362 1550 diae
387 1525 461 1564 39,
496 1512 554 1563 56.
574 1511 621 1563 cf.=
646 1511 682 1549 6²
701 1526 775 1559 4ο,
808 1525 868 1562 19.
890 1524 964 1562 43,
994 1526 1051 1564 15.
1072 1513 1212 1552 Saxum
1240 1513 1372 1562 ingens
1396 1513 1513 1552 Reate

280 1564 444 1604 volitare
467 1566 587 1605 visum
614 1580 690 1618 25,
714 1581 750 1618 7.
780 1566 912 1615 Scipio
941 1566 1197 1605 circumeunti
1213 1566 1360 1617 vigilias
1392 1566 1513 1616 equiti

280 1621 323 1658 in
356 1633 473 1658 manu
502 1619 588 1658 arsit
613 1633 685 1667 22,
718 1633 748 1659 1.
775 1620 889 1660 Scuta
920 1618 1145 1671 sanguinem
1170 1620 1351 1660 sudarunt
1375 1635 1449 1668 22,
1478 1634 1509 1658 1.

280 1674 470 1714 Seminias
504 1687 576 1726 39,
601 1687 662 1713 22.
689 1674 851 1724 Serpens
867 1674 1003 1724 ingens
1022 1682 1180 1725 repente
1205 1687 1253 1714 ex
1278 1674 1400 1726 adytis
1416 1684 1514 1713 tenr-

279 1726 336 1778 pli
358 1727 565 1778 AEsculapii
591 1726 805 1776 prolabitur
834 1742 875 1767 11
897 1759 908 1775 ,
933 1741 989 1780 13.
1022 1728 1251 1779 portentosae
1281 1728 1514 1778 magnitudi-

279 1782 340 1821 nis
375 1782 441 1829 18,
472 1795 529 1833 15·
551 1783 598 1833 cf.
622 1780 657 1818 δ’
680 1796 724 1821 21
743 1812 755 1828 ,
782 1796 843 1822 22.
863 1782 1025 1832 Signum
1045 1783 1149 1830 Jovis
1180 1783 1219 1821 in
1248 1793 1381 1822 monte
1402 1782 1515 1822 Alba-

279 1849 334 1875 no
358 1836 406 1874 de
432 1836 533 1875 coelo
560 1837 706 1874 tastum
734 1850 805 1884 14,
834 1850 891 1876 11.
923 1837 970 1889 cf.
995 1839 1028 1877 t>
1061 1852 1135 1888 27,
1172 1851 1231 1877 11.
1264 1837 1366 1889 signa
1389 1837 1427 1875 in
1450 1837 1515 1876 Sa-

284 1889 385 1928 binis
416 1889 538 1929 multo
561 1901 695 1928 cruore
717 1901 923 1929 manarunt
943 1905 1014 1938 22,
1047 1893 1107 1942 36.
1135 1891 1295 1931 Lanuvii
1323 1891 1371 1929 ad
1393 1891 1513 1938 Junc-

284 1944 346 1982 nis
370 1943 531 1993 Sospitae
557 1956 690 1982 cruore
715 1953 916 1982 manarunt
940 1957 1011 1995 23,
1041 1957 1098 1996 31.
1128 1946 1166 1982 in
1186 1958 1276 1995 agro
1304 1944 1512 1993 Capenate,

284 1997 336 2036 ad
357 1996 489 2035 lucum
516 1997 710 2044 Feroniae,
741 2008 903 2046 quatuor
929 1997 1032 2046 signa
1058 1996 1239 2048 sanguine
1261 1998 1382 2037 multo
1407 1998 1512 2036 diem

281 2063 328 2090 ac
354 2052 509 2090 noctem
543 2051 727 2089 sudarunt
760 2064 882 2100 27‚4.
913 2050 1014 2101 signa
1041 2051 1080 2089 in
1106 2051 1301 2103 Capitolio
1325 2052 1512 2091 constrata

281 2118 361 2153 40,
383 2119 447 2157 45.
479 2103 733 2144 Simulacrum
763 2105 924 2152 Junonis
959 2104 1117 2155 Sospitae
1144 2106 1301 2146 Lanuvii
1338 2106 1512 2145 lacrima-

281 2160 337 2197 vit
357 2172 409 2206 40
424 2186 435 2204 ,
466 2171 524 2210 19.
552 2157 618 2198 Sol
639 2157 772 2197 rubere
795 2157 893 2197 visus
913 2158 1025 2198 solito
1046 2161 1165 2210 magis
1180 2191 1190 2209 ‚
1205 2158 1407 2209 similisque
1433 2158 1513 2199 san-

282 2213 425 2262 guineo
452 2225 522 2263 25,
538 2227 576 2263 7.
604 2225 670 2262 per
689 2220 815 2252 totum
840 2213 941 2252 diem
966 2214 1127 2253 Priverni
1147 2215 1275 2255 sereno
1305 2223 1415 2253 ruoer
1434 2214 1511 2252 fuit

282 2280 329 2319 31
347 2279 435 2315 512.
465 2266 551 2305 solis
574 2267 676 2306 orbis
700 2266 820 2305 minui
836 2266 935 2306 visus
960 2268 1091 2308 Cumis
1121 2282 1192 2321 30,
1216 2269 1274 2321 38.
1307 2269 1386 2306 vide
1407 2268 1510 2306 etiam

282 2335 358 2367 22,
391 2334 422 2359 1.
448 2320 542 2360 soles
579 2322 656 2360 duo
683 2321 745 2360 vifi
776 2321 848 2369 28,
880 2337 938 2361 11.
965 2337 1038 2375 29,
1077 2337 1135 2370 14.
1170 2323 1266 2363 soles
1298 2330 1371 2360 tres
1400 2318 1509 2359 simul

281 2373 503 2419 effulserunt
525 2389 571 2423 41
590 2406 601 2421 ,
628 2376 688 2415 26.
711 2377 839 2416 Sortes
861 2375 926 2421 sua
947 2376 1081 2427 sponte
1097 2387 1306 2416 extenuatae
1323 2407 1335 2423 ‚
1357 2387 1510 2424 unaque

280 2429 424 2475 excidit
447 2431 501 2470 ita
527 2429 688 2482 scripta:
713 2433 868 2472 Mavors
896 2431 1000 2470 telum
1024 2434 1178 2474 concutit
1204 2445 1277 2481 22,
1299 2443 1331 2470 1.
1354 2431 1511 2481 Species
