1638 2755
303 128 894 176 HISTORIARUM
950 127 1260 178 LrssROS.·

196 232 280 285 lega
304 249 365 288 30.
393 238 474 284 ejus
504 234 605 284 leges
636 247 678 285 31
707 235 787 286 sqq.
822 234 906 272 odit
928 233 1118 273 Milonem
1153 249 1214 288 34.
1238 236 1423 279 subvertit*

193 289 296 339 leges
325 289 406 328 suas
434 305 496 337 44.
531 292 611 337 ejus
635 288 812 337 iniquitas
840 288 874 326 ἂ
901 288 1155 327 inconstantia
1175 291 1238 338 46.
1270 291 1420 332 affumit

195 343 403 393 collegam,
427 345 473 381 ih.
508 343 542 380 ei
575 351 824 392 prorogantur
849 343 1055 391 provinciae
1087 357 1150 393 47.
1176 346 1258 391 ejus
1288 356 1421 387 contra

194 397 377 436 Caesarem
410 395 712 435 machinationes
744 394 837 440 108,
873 408 934 446 32.
976 393 1091 433 Curio
1120 399 1319 437 contendit
1349 413 1421 450 pro

193 450 358 498 Caesare,
381 451 604 499 Pompeium
633 440 848 499 provincias
866 452 900 487 δε
916 448 1107 486 exercitus
1134 449 1326 490 dimittere
1354 456 1422 493 de-

194 503 287 542 bere
314 518 399 557 109,
419 504 441 542 8
461 504 495 541 ὃ»
523 516 559 555 9.
586 515 653 552 pro
679 502 862 550 Pompejo
889 510 1097 551 aegrotante
1119 513 1210 542 vota
1231 519 1288 544 10.
1310 507 1422 557 fingit

127 587 132 590 .
186 557 373 597 exerc‘ffitus
403 560 438 597 δι
467 557 680 606 provincias
716 555 950 594 redditurum
993 568 1050 593 12.
1078 556 1159 603 ejus
1194 556 1326 596 astutia
1353 561 1418 598 de..

185 613 324 661 tegitur
356 623 410 662 13.
436 612 471 649 ei
500 609 641 648 bellum
666 609 867 647 mandatur
899 616 1030 647 contra
1059 607 1240 647 Caesarem
1267 624 1326 662 25.
1356 625 1418 651 εις..

185 667 282 714 cipit
317 665 516 713 imperium
541 664 600 703 26.
633 662 801 703 delectus
826 662 965 701 habere
997 662 1151 709 jubetur
1178 663 1235 713 36.
1268 676 1316 703 ex
1342 667 1417 705 ad..

184 728 301 757 ventu
331 718 480 756 Caesaris
505 714 665 765 querelae
686 715 725 752 in
763 727 850 752 eum
878 730 940 763 44.
980 715 1148 754 abscedit
1174 716 1222 754 ab
1247 717 1339 757 urbe
1362 722 1416 769 46

183 772 219 808 ‹⁶3›
240 787 302 823 47.
330 771 520 810 delectum
543 769 657 807 habet
678 768 815 817 Capuae
845 768 903 819 56.
922 770 1051 816 copias
1075 769 1312 810 Brundisium
1343 774 1412 812 du-

184 823 236 861 cit
261 822 325 861 68.
357 821 534 860 adversus
570 822 752 860 Caesarem
781 821 966 859 Brundilii
999 833 1151 870 portum
1191 834 1317 862 tuetur
1343 828 1408 867 62.

181 877 341 916 adeum
374 875 410 913 se
442 876 577 913 Cicero
610 875 762 913 confert
791 888 885 920 110,
916 887 975 913 11.
1004 876 1085 922 ejus
1113 878 1231 926 copiae
1267 880 1305 917 in
1338 881 1410 919 Hi-

180 928 307 979 spania
340 943 394 981 13.
421 928 596 967 adversus
619 941 707 966 eum
730 927 978 977 proficiscitur
999 927 1118 966 Caesar
1144 931 1206 978 67.
1233 931 1409 981 Pompeji

179 994 383 1033 apparatus
418 996 484 1021 111
504 1013 518 1029 ,
556 996 588 1023 1.
612 981 757 1020 senatus
784 981 818 1019 ei
846 981 1033 1019 summam
1063 994 1185 1020 reruni
1220 987 1410 1032 permittit

177 1050 200 1075 ει
219 1039 253 1073 6³
278 1050 309 1087 3,
329 1036 529 1074 contendit
554 1035 829 1086 Dyrrhachium
857 1049 913 1073 12.
941 1035 988 1073 de
1006 1047 1100 1084 pace
1121 1038 1280 1076 tractare
1302 1039 1410 1078 dedi-

177 1100 312 1139 gnatur
342 1091 398 1128 16.
431 1092 511 1138 ejus
543 1092 657 1128 castra
687 1087 971 1127 circumvallare
1003 1089 1164 1127 instituit
1196 1090 1315 1130 Caesar
1343 1107 1402 1144 31.

175 1144 224 1181 ad
243 1144 466 1193 Pompejum
484 1144 709 1193 profugiunt
730 1141 950 1192 Allobroges
965 1156 1030 1194 45.
1047 1144 1261 1193 aggreditur
1276 1149 1405 1185 muni-

177 1199 300 1235 tiones
335 1197 486 1236 Caesaris
513 1198 574 1245 46.
602 1197 838 1235 occalionem
875 1197 1040 1235 vietoriae
1067 1196 1227 1248 negligit
1255 1213 1314 1252 51.
1338 1202 1404 1239 in..

173 1252 341 1301 sequitur
371 1251 581 1298 Caesarem,
615 1250 729 1289 castra
763 1251 810 1288 in.
833 1249 1064 1291 Thessaliam
1092 1263 1310 1292 moventem
1343 1269 1402 1307 53.

175 1307 292 1343 duces
325 1307 406 1352 ejus
443 1318 530 1343 eum
559 1313 701 1355 cogunt
740 1317 907 1355 pugnare
945 1317 1083 1354 magna
1115 1305 1180 1355 spe
1214 1319 1400 1357 conceptu,

175 1359 340 1398 victoriae
373 1371 418 1410 59
445 1359 479 1396 δ’
507 1361 570 1398 60.
600 1371 713 1408 quam
744 1357 986 1408 interpellant
1013 1359 1184 1408 prodigia
1217 1362 1278 1400 61.
1315 1365 1398 1410 ejus

171 1413 361 1451 somnium
377 1415 437 1452 62.
456 1414 554 1451 acies
571 1414 634 1465 63.
660 1424 786 1462 pugna
803 1414 864 1464 65.
890 1412 1072 1462 Pompejo
1095 1414 1194 1452 vicio
1207 1445 1220 1461 ,
1236 1417 1316 1463 ejus
1334 1429 1395 1455 ca-

170 1467 241 1504 stra
272 1475 539 1516 expugnantur
568 1467 618 1506 66
655 1466 689 1503 6’
715 1470 779 1515 67.
818 1467 916 1515 fugit
947 1466 986 1504 in
1020 1466 1191 1505 Ciliciam
1231 1482 1326 1516 112,
1357 1471 1392 1509 δ’.

169 1520 312 1560 Rhodii
339 1533 426 1558 eum
463 1521 656 1559 discedere
689 1520 824 1568 jubent
860 1517 898 1572 9ss
925 1531 1100 1558 externas
1129 1534 1219 1570 opes
1246 1524 1397 1574 respicit

172 1588 232 1614 ιο.
259 1575 335 1613 duo
361 1577 441 1622 ejus
471 1586 613 1612 errores
656 1588 710 1612 12.
750 1574 789 1611 in
815 1574 1020 1623 AEgyptum
1055 1575 1306 1624 proficiscitur
1334 1593 1391 1629 13.

166 1628 394 1667 Theodotus
421 1628 552 1667 suadet
578 1628 844 1678 AEgyptiorum
867 1627 942 1676 regi
967 1629 1048 1675 ejus
1076 1638 1237 1667 mortem
1269 1644 1325 1679 14·
1347 1633 1390 1672 in

167 1682 372 1732 conspectu
396 1683 569 1733 conjugis
596 1685 630 1721 ἃ
659 1681 865 1720 liberorum
895 1681 1080 1720 occiditur
1101 1696 1121 1721 a
1147 1683 1330 1732 Septimio
1352 1689 1390 1724 δε

168 1738 278 1774 Arcta
302 1737 349 1775 16
369 1738 403 1775 δ’
432 1750 476 1782 17
514 1739 594 1784 ejus
613 1735 782 1774 tumulus
815 1736 871 1774 18.

119 1792 178 1828 Ca.
205 1789 391 1841 Pompejus
413 1791 536 1827 Strabo
561 1789 725 1839 postulat
753 1801 820 1827 acc
851 1788 1033 1827 sationem
1061 1789 1208 1829 Albucii
1234 1792 1308 1842 67,
1326 1805 1387 1844 50,

166 1853 303 1892 praetor
329 1843 501 1882 adversus
528 1843 731 1882 Asculanos
753 1855 812 1892 co}
845 1855 884 1882 as
907 1843 1013 1882 ducit
1040 1859 1170 1897 72‚‘5.
1197 1844 1244 1883 ab
1269 1846 1385 1885 Ascu-

164 1898 201 1935 lo
227 1897 418 1947 repullu8‚
442 1897 613 1936 funditur
640 1898 686 1935 ab
710 1896 880 1936 hostibus
901 1911 949 1948 73
966 1928 977 1945 ,
1007 1911 1065 1950 19.
1096 1898 1212 1937 Firmi
1239 1900 1385 1940 oblide-

107 1974 116 1980 -
161 1960 220 1989 tur
246 1965 267 1989 a
293 1950 508 1991 Picentibus
546 1966 605 1992 20.
634 1953 834 2001 eruptione
870 1952 969 1990 faeta
1004 1964 1069 1990 eos
1098 1953 1210 1990 caedit
1242 1967 1314 2003 74,
1350 1971 1382 1998 ι,

161 2005 308 2049 oblidet
336 2004 511 2044 Asculum
547 2020 580 2058 3.
606 2016 753 2044 creatur
783 2004 858 2044 cos.
898 2005 957 2044 16.
987 2006 1115 2044 fundit
1140 2007 1286 2045 Marsos
1321 2010 1379 2049 18.

161 2059 280 2096 vincit
306 2060 475 2097 Vestinos
506 2072 579 2111 75,
617 2060 673 2098 18.
711 2059 946 2109 colloquitur
977 2072 1064 2098 cum
1094 2061 1221 2099 Vettio
1253 2060 1379 2101 socio-

163 2124 244 2149 rum
275 2112 374 2151 duce
404 2126 461 2163 19.
485 2115 587 2161 capit
608 2113 783 2152 Asculum
801 2116 877 2162 76,
902 2130 938 2162 4.
967 2114 1199 2163 triumphat,
1223 2116 1308 2156 ibid,
1331 2130 1376 2156 eo

160 2165 361 2214 instigante
393 2167 440 2204 ab
466 2167 631 2205 exercitu
657 2168 848 2205 occiditur
874 2168 922 2218 Q.
958 2168 1162 2218 pompejus
1193 2168 1266 2207 cos.
1301 2184 1376 2220 77,

159 2233 210 2271 49
234 2218 269 2255 ὅ*
297 2232 355 2270 50.
377 2219 690 2268 ipseexercitum
714 2221 870 2271 recipit,
899 2222 984 2260 ibid.
1016 2225 1096 2270 ejus
1125 2223 1277 2261 avaritia
1299 2224 1375 2274 78,

159 2274 196 2311 6.
220 2272 269 2310 ad
298 2272 428 2311 urbem
455 2282 612 2312 vocatur
637 2284 770 2312 contra
803 2274 964 2317 Cinnam
993 2277 1121 2324 patriae
1147 2276 1289 2314 bellum
1320 2278 1377 2316 in.

111 2350 115 2354 -
160 2325 345 2364 ferentem*
366 2340 440 2379 79,
472 2339 530 2376 25.
553 2335 697 2376 pugnat
721 2339 809 2365 cum
837 2328 1002 2367 Sertorio
1030 2330 1089 2368 26.
1123 2330 1262 2370 insidiis
1289 2330 1376 2369 Cin.

126 2401 128 2403 ·
161 2392 217 2417 nae
235 2381 395 2428 petitus,
412 2393 432 2418 a
452 2379 530 2419 filio
555 2380 797 2419 conservatur
818 2380 869 2420 80
883 2410 894 2428 ‚
908 2396 946 2429 4.
968 2381 1128 2420 fulmine
1148 2383 1294 2421 afflatus
1320 2385 1376 2422 in..

151 2434 246 2478 terit
265 2447 302 2486 7.
331 2445 491 2484 corpus,
519 2434 627 2474 omni
654 2433 890 2477 contumelia
907 2434 1108 2485 affectum,
1133 2448 1231 2476 unco
1256 2436 1376 2485 trahi-2
