1638 2755
292 121 875 171 HISTORlARUM
917 120 1222 168 LIBROS.

175 231 261 270 ibid.
288 229 351 271 XI
381 229 456 270 cos.
479 244 542 283 23.
573 229 613 268 in
636 226 812 268 morbum
839 227 974 266 incidit
1006 228 1068 267 26.
1095 229 1177 275 ejus
1203 226 1401 265 testamen-

176 294 260 324 tum
291 284 353 324 28.
380 285 428 324 de
453 282 670 323 adversariis
708 281 894 321 benevole
920 281 1088 331 loquitur
1118 281 1213 334 136,
1240 295 1274 319 2.
1297 278 1404 319 Teri-

177 339 317 387 daoen,
342 340 378 378 &-
403 337 623 378 Parthorum
647 336 792 387 legatos
815 336 855 374 in
882 337 1025 374 curiam
1050 335 1208 373 adducit
1229 350 1266 380 4.
1301 333 1402 370 viam

176 393 226 432 ab
264 393 427 432 Emerita
467 392 591 431 Gades
627 389 801 440 perducit
837 402 868 442 5.
909 390 1136 439 deprecatur
1176 388 1403 437 dietaturam

175 461 214 499 7.
235 458 307 485 nec
326 447 521 485 censuram
538 453 762 495 perpetuam
785 443 922 494 recipit
941 443 977 482 8.
1009 443 1044 481 ei
1066 442 1263 480 maledicit
1280 442 1400 491 Varro

184 513 246 540 ιο.
281 503 363 541 aeta
398 500 549 540 Caesaris
580 498 619 537 in
644 497 724 537 Alia
752 511 796 536 21
823 499 857 536 δ’
887 511 947 537 22.
977 496 1074 536 bene
1100 494 1293 534 constituit
1320 506 1408 543 pro-

182 554 326 593 vincias
354 569 414 603 24.
451 553 595 593 Herodi
624 564 780 601 regnum
807 551 933 589 firmat
962 565 1022 604 25.
1055 549 1102 588 ad
1139 562 1228 588 eum
1263 548 1405 595 legatio

177 607 311 647 Indica
338 610 399 648 26.
430 609 470 646 in
488 609 570 656 ejus
593 605 779 644 honorem
805 605 926 644 multa
943 605 1096 643 decreta
1122 616 1179 655 3¹·
1207 601 1408 640 confilium

178 663 261 710 ejus
287 663 336 701 de
363 660 601 711 repurganda
628 660 730 698 curia
755 673 817 714 37.
839 658 1029 697 senatores
1052 658 1100 697 ad
1126 656 1326 696 sexcentos
1345 667 1403 693 re-

182 716 289 754 ducit
317 714 380 769 38.
415 715 544 765 praeest
574 714 674 753 ludis
707 712 936 752 secularibus
963 714 1027 761 46.
1065 712 1103 749 in
1129 709 1290 750 Galliam
1322 721 1412 759 pro-

179 769 359 807 ficiscitur
378 768 442 817 48.
474 769 521 808 ab
547 767 710 817 Augusto
738 766 940 806 multarum
975 766 1129 804 urbium
1162 764 1319 804 nomina
1347 762 1413 814 58.

179 823 331 862 oblatos
359 821 525 862 honores
544 821 677 861 abnuit
700 821 763 860 66.
790 833 966 870 agrorum
991 819 1190 858 divifiones
1223 817 1322 856 tollit
1344 818 1408 866 67.

178 890 260 916 non
289 875 404 915 facile
429 877 513 915 finit
538 875 751 915 senatorem
777 877 923 923 ejurare
953 874 1014 926 69.
1048 872 1314 911 inclementius
1335 880 1412 908 tra·

179 934 258 969 ctat
271 929 460 981 Lepidum
474 945 539 980 70.
558 943 606 968 ne
623 930 716 978 quid
732 940 797 977 per
813 929 905 966 iram
926 928 1057 973 faciat,
1073 936 1179 966 cavet
1192 940 1255 975 71.
1271 926 1303 963 ei
1319 937 1412 975 prae·

177 984 322 1024 fedum
350 997 500 1023 morum
527 991 752 1034 prorogatur
787 996 880 1036 137,
912 995 942 1020 1.
972 984 1052 1027 ejus
1087 979 1221 1018 natalis
1247 978 1413 1017 celebra-

177 1047 238 1077 tur
267 1051 324 1086 14.
358 1038 560 1088 pecuniam
584 1036 756 1076 oblatam
785 1036 823 1073 in
855 1036 998 1085 effigies
1028 1034 1196 1073 Deorum
1225 1033 1412 1083 expendit

182 1091 282 1144 138,
309 1108 349 1141 4.
384 1095 465 1141 ejus
499 1094 536 1131 &
567 1091 733 1131 Herodis
774 1099 908 1128 mutua
952 1089 1220 1127 benevolentia
1251 1101 1343 1138 13¹),
1374 1099 1410 1137 3.

178 1147 262 1194 ejus
285 1146 576 1186 constitutiones
599 1146 698 1183 circa
721 1142 894 1182 senatum
923 1157 1021 1192 140,
1051 1157 1108 1181 12.
1136 1143 1231 1180 mira
1253 1143 1335 1188 ejus
1359 1139 1412 1177 le-

180 1200 277 1238 nitas
321 1214 368 1248 ¹4
402 1199 436 1237 ἐξ)
478 1214 535 1254 ¹5·
581 1198 741 1238 liberam
780 1198 1003 1238 Maecenatis
1038 1196 1344 1235 admonitionem
1373 1194 1415 1232 in

179 1254 368 1302 optimam
403 1262 549 1303 partem
580 1252 723 1303 accipit
754 1266 801 1291 22
827 1254 861 1290 δ’
886 1264 950 1303 23.

130 1310 169 1347 C.
201 1309 370 1346 Oaavius
398 1310 437 1347 C.
465 1309 507 1346 F.
538 1309 574 1348 C.
599 1308 650 1345 N.
675 1305 849 1357 magister
879 1306 1052 1355 equitum
1085 1304 1181 1349 116,
1213 1316 1271 1355 19.

127 1364 191 1401 ίίι,
225 1363 395 1401 Oflavius
424 1361 544 1401 aedilis
570 1359 712 1411 plebis,
738 1370 876 1409 praetor
902 1368 1079 1405 creatur,
1103 1361 1136 1398 ὃς
1154 1357 1306 1397 sortitur
1328 1356 1413 1395 Sar·

180 1415 326 1454 diniam
359 1415 407 1454 28
426 1445 437 1463 ,
465 1415 525 1467 38.
549 1414 597 1454 ad
623 1414 816 1463 octoginta
851 1413 1040 1452 onerarias
1066 1413 1269 1452 Poenorum
1295 1423 1411 1449 naves

180 1470 287 1519 capit
309 1470 373 1517 46.
401 1470 434 1507 ei
461 1476 687 1519 prorogatur
720 1466 923 1517 imperium
951 1480 1000 1520 29
1016 1497 1027 1514 ‚
1052 1478 1109 1516 13.
1136 1480 1208 1519 30,
1231 1479 1266 1504 2.
1291 1463 1414 1502 infeli-

180 1523 277 1561 citer
299 1535 347 1561 ex
376 1523 505 1562 Sicilia
536 1522 680 1570 trajicit
702 1521 741 1560 in
771 1520 938 1560 Africam
968 1535 1030 1568 24.
1068 1519 1215 1569 legatus
1249 1519 1286 1555 in
1317 1517 1413 1556 Afri-

180 1589 265 1615 cam
289 1578 453 1615 mittitur
473 1591 519 1630 3¹
537 1607 548 1624 ,
578 1589 635 1615 11.
660 1584 808 1614 creatur
834 1574 1009 1612 triumvir
1034 1573 1196 1612 coloniae
1219 1571 1414 1610 deducen-

180 1631 237 1669 dae
264 1645 334 1684 34,
353 1645 416 1682 45.
440 1630 588 1681 legatus
609 1631 647 1668 in
673 1629 856 1669 Graeciam
885 1641 927 1680 35
943 1658 954 1675 ‚
981 1639 1041 1679 23.
1066 1642 1088 1666 a
1110 1626 1296 1676 Quinctio
1326 1623 1411 1664 mis-

182 1684 266 1731 sus,
302 1684 513 1734 praefidium
540 1685 575 1723 ἅ
614 1696 752 1734 paucas
777 1695 892 1722 naves
921 1681 1061 1731 accipit
1094 1682 1166 1732 36,
1191 1694 1251 1719 12.

131 1739 194 1778 Cn.
227 1739 397 1776 Oezaw'us
432 1733 577 1788 legatus
604 1738 641 1775 in
682 1737 867 1778 Graeciam
893 1736 1057 1774 mittitur
1085 1747 1162 1786 43,
1192 1748 1251 1787 19.
1276 1740 1414 1783 praetot

182 1802 359 1838 creatus,
378 1791 531 1830 sortitur
558 1791 708 1830 claffcm
738 1806 815 1840 44,
844 1790 1121 1839 17.1decemvir
1136 1788 1327 1828 sacrorum
1348 1786 1410 1826 18.

181 1858 271 1884 cum
300 1844 411 1884 classe
434 1845 722 1886 Samothracam
752 1843 958 1895 appellitur
982 1857 1057 1894 45,
1087 1857 1119 1894 5.
1146 1843 1180 1880 ei
1212 1854 1303 1880 cum
1328 1840 1410 1887 filio

180 1899 361 1950 Philippo
392 1898 428 1939 se
451 1899 567 1939 tradit
587 1898 738 1939 Perseus
761 1900 798 1939 6.
819 1898 986 1949 praedarn
1010 1897 1310 1938 Macedonicam
1335 1894 1415 1934 Ro-

180 1966 284 1992 mam
321 1953 394 1992 fert
420 1966 480 2006 33.
513 1956 595 2003 ejus
628 1952 844 2003 triumphus
867 1950 1011 1991 navalis
1034 1951 1084 1989 de
1111 1948 1242 1989 Perseo
1267 1963 1331 1997 42.

131 2008 196 2050 Cn.
228 2008 400 2046 Oaavius
439 2009 502 2047 Cn.
529 2010 571 2048 F.
607 2009 670 2048 Cn.
698 2010 750 2047 N.
784 2005 859 2046 cos.
891 2006 968 2055 46,
1001 2019 1034 2058 5.
1063 2004 1237 2056 legatus,
1262 2002 1417 2042 ordinat

180 2074 341 2111 regnum
367 2061 481 2113 Syriae
516 2074 578 2115 25.
606 2073 628 2100 a
651 2061 751 2112 Syris
774 2059 998 2099 interficitur
1027 2073 1087 2111 29.

133 2115 196 2156 Cn.
224 2115 365 2154 Οὲῖανὶἰ
396 2118 457 2155 Cn.
480 2118 520 2156 F.
551 2117 612 2156 Cn.
635 2117 687 2155 N.
711 2113 928 2155 consulatus
951 2112 1104 2164 insignis
1125 2111 1177 2152 ob
1200 2111 1413 2150 incremen-

184 2176 266 2206 tum
296 2167 456 2207 luxuriae
482 2169 554 2217 60,
585 2183 616 2208 1.

131 2223 192 2262 Cn.
223 2222 392 2260 Oblavius
427 2221 499 2260 cos.
526 2222 655 2262 resistit
683 2222 813 2262 Cinnae
841 2220 1026 2271 collegae,
1050 2218 1282 2272 perniciosas
1308 2218 1412 2268 leges

184 2275 321 2313 ferenti
340 2274 419 2326 78,
443 2289 504 2327 29.
531 2289 584 2329 79
600 2305 612 2322 ‚
638 2290 653 2315 1
673 2306 685 2325 ‚
709 2290 743 2315 2.
770 2276 820 2315 ad
847 2276 1052 2315 oetavium
1086 2273 1221 2313 melior
1247 2284 1333 2321 pars
1359 2272 1413 2309 ei-

181 2330 309 2368 vitatis
329 2328 552 2377 confinem,
576 2330 736 2368 vincunt
751 2329 945 2368 Cinnanos
971 2344 1006 2381 3.
1029 2328 1206 2367 adversus
1221 2326 1408 2373 Cinnam,

181 2383 313 2432 patriae
335 2381 479 2422 bellum
504 2382 759 2431 inferentem,
786 2381 920 2421 urbem
947 2382 1072 2420 munit
1100 2395 1161 2429 24.
1181 2381 1407 2430 Pompeium

182 2438 224 2476 in
251 2436 432 2478 auxilium
464 2444 576 2477 vocat
598 2449 660 2487 25.
680 2435 727 2478 ab
754 2436 847 2477 urbe
879 2434 1029 2487 repellit
1063 2434 1232 2479 Marium
1253 2436 1290 2475 δε
1313 2433 1413 2475 Cine-
