1638 2755
452 135 713 183 INDEX
769 136 846 184 IN
893 136 950 184 T.
991 136 1201 185 LIVII

219 250 348 281 samos
376 239 493 288 oleae,
510 240 725 279 velamenta
743 240 978 291 supplicum,
1007 241 1272 291 porrigentes,
1295 253 1456 292 querum*

221 304 283 334 tur
314 295 362 334 (le
397 294 582 334 Pleminio
613 310 684 347 29,
713 295 771 334 16.
812 296 1048 335 Macedones
1081 295 1236 334 deducti
1262 306 1365 335 extra
1396 310 1454 335 ur.

220 350 313 389 bern
336 351 377 387 in
400 349 531 388 villam
564 349 785 398 publicam,
810 350 939 399 ibique
968 351 1012 388 iis
1039 349 1146 388 locus
1177 348 1347 389 &lautia
1365 363 1455 400 prae.

222 404 303 443 bita
343 416 415 455 33,
452 418 512 452 24.
556 403 755 443 Mafiniffa‘e
789 416 809 442 a
844 405 1025 445 Romanis
1064 404 1255 443 donantur
1289 417 1357 455 3ο,
1392 414 1455 455 17.

219 458 383 499 Nabidis
402 471 471 510 34,
490 472 550 506 42.
566 458 809 508 Neapolitani
837 471 971 498 aurum
997 457 1161 497 offerunt
1178 457 1364 496 Romanis
1382 473 1428 496 22
1441 486 1458 505 ,

220 526 281 566 32.
320 511 519 562 Pamphyli
547 517 729 551 coronam
763 526 915 551 auream
946 513 983 550 in
1010 512 1153 551 curiam
1181 511 1351 550 inferunt
1376 526 1454 560 44,

221 581 283 616 14.
315 566 435 606 Persei
462 567 644 616 jubentur
670 567 858 606 excedere
885 566 993 607 Italia
1016 581 1092 615 42,
1122 567 1183 620 36.
1211 564 1378 615 Philippi
1404 565 1456 603 ad

218 620 479 660 Hannibalem
517 634 586 673 23,
616 633 688 676 33,
715 634 762 673 34
787 621 822 658 G»
852 633 910 674 39.
941 621 990 659 ad
1023 619 1172 660 ffitolos
1210 633 1284 671 31,
1314 619 1376 657 28.
1403 618 1456 658 ad

217 675 416 715 Romanos
452 687 520 726 32,
554 688 611 727 37.
646 688 721 729 33,
761 689 820 724 24.
859 674 1091 725 pollicentur
1125 673 1312 714 Romanis
1339 685 1456 722 pecu.

217 731 323 768 niam
353 731 388 768 &
425 728 660 768 frumentum
696 730 766 781 36,
802 744 837 777 4.
873 741 1057 768 coronam
1097 740 1248 768 auream
1296 736 1453 766 centum

217 782 353 834 pondo
381 783 421 820 in
461 784 542 822 aede
576 783 681 831 ,Iovis
719 783 765 823 O.
799 783 856 822 M.
896 790 1070 833 ponunt,
1106 783 1192 821 ibid.
1234 779 1454 820 pisanorum

217 852 291 891 43,
320 851 378 889 13.
407 837 613 876 Poenorum
651 837 700 876 ad
732 836 978 887 Philippum,
1012 836 1114 886 capti
1142 835 1342 874 mittuntur
1374 835 1456 874 Ro-

216 905 323 930 mam
357 904 429 942 23,
467 903 525 942 34.
556 892 759 931 Poenorum
794 893 829 930 Sc
852 889 1075 939 Masiniffae,
1107 890 1242 931 Romae
1275 889 1323 927 de
1361 901 1453 938 agro

216 945 513 994 disceptantium
548 958 622 998 34,
651 946 713 986 62.
748 945 980 984 Privernates
1010 944 1055 994 8‚
1089 958 1150 983 21.
1189 942 1343 989 Prusias,
1377 943 1453 982 Ro-

215 1013 321 1038 mam
350 999 447 1036 milli
475 1015 552 1047 44,
583 1014 641 1047 14.
672 999 864 1038 Ptolemaei
893 1012 934 1050 31
952 1029 963 1047 ,
989 1012 1027 1051 9.
1052 998 1098 1037 iis
1125 999 1165 1036 in
1189 995 1353 1047 singulos
1369 1010 1455 1035 mu-

214 1065 306 1092 nera
330 1052 490 1101 quinam
514 1052 677 1091 millium
703 1053 782 1091 aeris
803 1065 850 1090 ex
875 1051 1200 1091 senatusconsulro
1225 1051 1452 1097 misia‚il1id.

216 1105 415 1147 Ptolemaei
438 1108 473 1145 ἃ
491 1106 702 1157 Cleopatrae
715 1136 726 1152 ,
743 1104 975 1156 gratulantes
987 1136 997 1151 ,
1014 1106 1119 1155 quod
1134 1105 1199 1143 Μ’.
1216 1103 1354 1143 Acilius
1377 1104 1454 1142 An-

216 1160 395 1200 tiochum
428 1160 572 1200 Graecia
597 1160 785 1210 expulerit
808 1172 880 1211 37,
909 1174 941 1213 3.
975 1159 1215 1199 Rhodiorum
1246 1158 1294 1196 ad
1321 1158 1457 1196 Antio·

217 1215 335 1255 chum
374 1227 446 1266 33,
475 1228 534 1253 2ο.
578 1216 626 1254 ad
659 1215 882 1263 Romanos,
915 1212 1157 1264 querentium
1186 1213 1233 1250 tle
1261 1212 1452 1261 Sinopen-

215 1270 311 1309 fium
338 1268 447 1306 clade
470 1282 521 1317 40
538 1298 549 1316 ,
575 1283 607 1308 2.
634 1270 681 1307 ad
709 1269 904 1308 Romanos
934 1282 1008 1316 44,
1040 1280 1097 1314 14.
1123 1266 1262 1305 horum
1291 1265 1451 1315 superba

216 1325 363 1370 oratio,
390 1323 473 1362 ibid.
498 1321 560 1361 alii
592 1322 707 1373 legati
742 1336 816 1374 43,
851 1337 912 1363 2ο.
942 1319 1150 1360 miserabili
1184 1320 1358 1359 oratione
1386 1320 1453 1358 de-

215 1379 420 1429 precantur
445 1377 539 1415 iram
567 1377 825 1417 Romanorum
854 1390 914 1415 22.
937 1375 1105 1415 Romani
1130 1375 1177 1413 ad
1200 1373 1452 1414 Coriolanum

217 1433 266 1471 de
292 1443 386 1481 pace
411 1430 508 1469 missi
534 1446 555 1470 2
573 1461 583 1479 ‚
606 1444 664 1483 39.
689 1430 855 1470 Athenas
872 1461 883 1477 ‚
909 1431 972 1480 qui
1001 1428 1153 1469 Solonis
1182 1428 1283 1479 leges
1311 1427 1451 1467 deseri·
1482 1442 1486 1444 ·

215 1486 354 1525 berent
390 1499 435 1537 3,
474 1498 533 1537 31.
568 1486 666 1535 jufl‘u
692 1483 891 1525 Tolumnii
927 1498 947 1523 a
976 1483 1224 1523 Fidenatibus
1260 1480 1451 1521 inter-festi

215 1555 267 1590 4,
305 1554 363 1589 ¹7·
395 1540 538 1588 Vejos,
568 1541 603 1579 Sc
635 1539 840 1590 superbum
884 1539 1100 1587 Vejentium
1146 1536 1366 1587 responsum
1398 1552 1450 1584 4,

217 1595 278 1647 58.
313 1593 511 1644 Delphos,
555 1592 762 1633 consulturi
789 1592 986 1632 oraculum
1015 1605 1054 1645 3,
1088 1604 1148 1643 13.
1172 1591 1339 1642 Apollini
1369 1602 1452 1630 cra-

212 1655 334 1687 teram
354 1661 505 1686 auream
521 1647 649 1687 ferunt
674 1647 734 1687 28.
749 1647 796 1700 cs.
817 1647 853 1685 δ’
878 1648 924 1687 28
939 1677 949 1696 ,
970 1660 1035 1699 43.
1053 1646 1101 1684 ad
1125 1645 1254 1685 Gallos
1268 1677 1277 1693 ‚
1299 1657 1451 1683 eorum-

213 1715 289 1753 que
315 1714 401 1740 cum
429 1701 547 1742 Gallis
573 1701 812 1752 colloquium
843 1715 887 1755 5,
915 1714 957 1755 35
988 1703 1022 1740 ἐξ)
1049 1701 1112 1752 36.Δ
1135 1700 1183 1739 ad
1206 1701 1394 1739 Samnites
1408 1712 1449 1750 7,

215 1770 280 1811 3¹·
309 1756 331 1795 8
349 1786 360 1804 ,
390 1770 451 1810 23.
476 1757 611 1795 decem
638 1755 897 1807 AEsculapium
917 1756 964 1795 ab
990 1755 1181 1805 Epidauro
1208 1755 1370 1793 Romam
1392 1765 1450 1792 ar-

215 1810 364 1849 cessunt
395 1824 436 1849 11
457 1840 468 1859 ,
501 1824 558 1850 12.
583 1809 629 1861 cf.
662 1810 697 1848 ἐξ*
723 1823 793 1862 33,
823 1824 896 1858 24,
926 1823 985 1862 31.
1026 1821 1094 1860 37,
1123 1821 1181 1861 33.
1207 1808 1400 1848 violantur
1426 1820 1450 1847 a

214 1865 333 1904 Gallis
365 1878 411 1903 12
428 1894 438 1910 ‚
475 1878 503 1902 1.
530 1864 697 1903 ludibrio
720 1863 910 1903 habentur
937 1876 958 1901 a
985 1863 1204 1903 Tarentinis
1228 1878 1264 1916 9.
1294 1864 1338 1901 iis
1367 1875 1450 1901 mu-

211 1931 302 1957 nera
332 1918 398 1956 dat
420 1917 578 1968 Pyrrhus
606 1933 671 1972 13,
691 1931 749 1968 17.
776 1918 814 1956 in
838 1917 1061 1966 Hispaniam
1084 1917 1134 1955 ad
1163 1915 1416 1956 Hannibalem
1432 1946 1448 1964 ‚

211 1986 294 2011 non
323 1973 581 2012 admittuntur
609 1986 654 2011 21
673 2001 684 2019 ,
709 1972 734 2011 6
763 1973 796 2010 δ’
826 1985 861 2024 9.
892 1969 1160 2019 Carthaginem
1189 1970 1285 2009 miffi
1315 1970 1372 2009 18.
1399 1971 1449 2008 iis

208 2026 373 2076 superbe
397 2025 630 2075 respondent
652 2024 1005 2075 Carthaginienses,
1023 2025 1107 2063 ibid.
1129 2024 1301 2062 ridentur
1320 2036 1340 2062 a
1359 2023 1448 2064 Gal-

209 2078 257 2118 lis
284 2093 344 2118 20.
368 2080 406 2117 in
430 2080 530 2118 varia
560 2080 645 2118 loca
673 2078 768 2118 misii
799 2094 869 2127 22,
902 2092 962 2132 33.
992 2077 1090 2116 male
1126 2079 1373 2128 excipiuntur
1398 2077 1448 2117 ab

209 2135 452 2184 Hieronymo
485 2133 805 2184 Syracusanorum
830 2145 916 2183 rege
942 2147 1011 2181 24,
1035 2133 1071 2172 6.
1098 2131 1291 2171 violantur
1316 2145 1336 2170 a
1357 2132 1449 2171 Car-

211 2187 516 2237 thaginienlibus
548 2201 617 2240 3ο,
648 2200 711 2239 23.
738 2187 786 2226 ad
816 2187 1061 2226 Ptolemaeum
1094 2199 1164 2239 31,
1201 2202 1237 2226 2.
1261 2187 1308 2225 ad
1334 2186 1448 2226 mafi-

211 2241 349 2280 nissam
378 2255 437 2280 11.
473 2242 608 2280 decem
634 2242 681 2280 ad
712 2241 993 2280 constituendas
1025 2253 1082 2280 res
1113 2241 1264 2280 Graeciae
1293 2253 1360 2292 33,
1395 2253 1446 2288 24.

211 2298 248 2335 6»
276 2308 335 2347 31.
361 2296 451 2334 Afiae
479 2308 550 2348 37,
581 2310 638 2349 55.
661 2295 708 2347 cf]
729 2295 764 2333 6³
785 2309 860 2349 43,
896 2309 953 2347 17.
976 2295 1025 2333 ad
1052 2295 1285 2334 Antiochum
1303 2299 1337 2333 «Sc
1361 2293 1447 2333 Phi-

208 2349 362 2399 lippum
392 2363 465 2403 33,
501 2363 545 2403 33
579 2353 613 2388 6³
646 2363 705 2403 39.
743 2350 791 2388 ad
825 2350 1025 2399 Magnetes
1050 2350 1171 2387 oratio
1202 2362 1270 2402 35,
1311 2361 1373 2401 31.
1403 2347 1445 2386 in

211 2403 399 2443 Graeciam
436 2416 502 2458 39,
530 2417 592 2458 33.
615 2418 687 2452 42,
721 2416 779 2455 37.
811 2404 851 2441 in
883 2403 1156 2443 Macedoniam
1183 2416 1256 2451 41,
1283 2416 1342 2453 27.
1373 2401 1445 2440 Sa-

209 2459 365 2511 guntini
401 2459 539 2511 gratias
566 2466 686 2510 agunt
720 2457 866 2499 senatui
899 2457 973 2509 28,
1004 2471 1066 2513 39.
1095 2457 1294 2497 adducunt
1330 2453 1442 2506 quos-v
