1638 2755
438 119 837 167 1NDEX1N
888 123 944 171 T.
995 124 1209 171 lell

130 199 163 240 's
181 226 221 266 C.
252 226 434 275 Fannius,
465 227 551 271 trib.
579 227 629 278 pl.
664 228 733 278 38,
760 229 821 267 60.

181 284 223 320 C.
253 279 414 321 Fannii&
441 285 477 322 C.
503 285 543 321 F.
580 284 617 321 C.
647 284 696 320 N.
720 283 873 329 stru-bo,
907 282 983 322 cos.
1007 283 1084 333 46,
1120 297 1179 336 34.

182 338 218 376 C.
247 337 433 384 Fannius,
458 335 602 385 legatus
636 336 684 374 ad
712 335 906 375 Dalmatas
930 351 1007 388 47,
1036 351 1094 391 ¹3·
1138 339 1279 388 primus
1305 338 1468 380 Cartha..

235 390 332 439 ginis
367 402 494 428 muros
521 389 747 428 conscendit
803 403 844 436 Ι,
871 405 934 442 49.
961 392 1041 439 ejus
1066 393 1186 431 virtus
1216 392 1371 444 insignis
1404 408 1465 447 53„

233 445 295 481 26.
323 442 395 482 cos.
423 440 623 482 contendit
649 456 737 482 cum
802 444 940 482 tacebo
969 445 1047 491 60,
1073 460 1138 498 79.

177 499 222 536 L.
255 498 416 535 Fannius
445 497 712 536 Mithridatem
739 498 875 536 incitat
899 499 946 536 ad
975 498 1119 538 beilum
1145 512 1218 552 93,
1244 501 1279 540 6.
1307 499 1422 540 hostis
1443 515 1465 540 a

232 551 362 590 senatu
389 552 584 600 judicatur
608 566 644 601 7.
675 552 836 590 vincitur
867 565 885 590 a
915 551 1114 591 Mamerco
1146 568 1226 606 94,
1258 568 1318 594 20.

175 606 312 643 Fanum
342 604 566 655 AEsculapii,
591 604 728 644 tabulis
759 605 871 654 pistis
908 617 1133 646 exornatum
1158 623 1204 661 43
1221 638 1233 657 ,
1259 609 1294 648 6.
1319 608 1470 658 Apolli·

229 660 314 706 nis,
344 661 379 698 &
407 658 606 699 oraculum
638 659 687 698 ad
714 659 854 698 Hieran
889 659 1036 699 Comen
1074 661 1148 713 38,
1180 675 1247 710 12„
1281 675 1336 701 1⁶.
1362 663 1465 701 Con„

224 714 365 752 cordiae
393 715 438 753 61
457 745 468 761 ‚
511 726 568 765 35.
600 714 729 753 Dianae
760 727 774 751 1
792 742 802 759 ‚
829 727 892 764 45.
919 713 1085 753 Feroniae
1125 729 1165 761 ι,
1190 729 1251 768 30.
1287 691 1462 755 fieremus

226 781 304 816 40,
333 779 390 820 51.
427 765 582 807 Palioris
623 781 636 805 1
657 798 666 812 ,
702 780 761 815 27.
792 767 966 813 Pavoris‚
1004 769 1089 807 ibid.
1123 769 1351 817 Proserpinae
1387 785 1463 823 29,

229 820 289 859 18.
325 820 540 871 expilatum
571 834 593 859 a
629 821 814 860 Pleminio
852 835 925 873 29,
957 820 980 859 8
1004 821 1038 860 δ’
1074 821 1132 862 18.
1161 822 1209 873 cs.
1237 823 1272 861 δ’
1298 837 1373 878 31,
1405 838 1462 863 12.

227 887 295 926 32,
330 888 360 913 1.
390 875 540 923 Quietis
573 890 619 923 4,
646 889 708 922 4¹·
755 874 925 914 Termini
965 889 1006 924 1,
1037 888 1096 930 55.
1149 874 1371 916 Voltumnae
1407 878 1488 926 43

229 941 300 979 23>
327 941 372 981 25
404 929 437 966 ᾧ
474 930 537 968 61.
570 942 606 977 5.
641 943 698 978 17.
728 929 774 974 6,
807 944 840 968 2.

171 982 309 1020 Fanum
325 983 524 1031 quomodo
547 982 698 1021 differat
717 983 765 1020 ab
780 983 860 1021 aerie
878 996 942 1031 10,
957 995 1014 1034 37.
1029 982 1162 1022 fanum
1175 984 1277 1036 apud
1294 985 1458 1024 Locren.

222 1035 298 1084 ses,
315 1037 354 1073 in
379 1050 455 1086 quo
472 1035 635 1075 thesauri
662 1034 891 1086 Proserpinae
907 1067 917 1084 ,
941 1050 1037 1086 quos
1058 1038 1188 1088 diripit
1204 1038 1365 1089 Pyrrhus
1391 1053 1458 1088 14,

220 1102 282 1141 23.
315 1090 492 1130 fanorum
510 1092 679 1141 expiatio
704 1090 742 1128 in
768 1089 872 1130 libris
891 1103 956 1140 per
983 1091 1207 1131 duumviros
1232 1093 1382 1142 quaesita
1416 1107 1432 1143 5
1453 1122 1464 1140 ,

223 1156 283 1197 50.
310 1145 348 1182 in
372 1145 469 1184 fanis
497 1145 700 1192 omnibus,
732 1146 773 1183 in
801 1145 941 1194 quibus
971 1142 1245 1185 lecfitisternium
1271 1148 1457 1195 majorem

222 1208 369 1246 partem
400 1199 488 1236 anni
515 1199 593 1237 fieri
621 1198 738 1245 solet,
779 1197 953 1237 consules
978 1211 1036 1238 res
1074 1199 1223 1238 divinas
1250 1200 1459 1248 majoribus

219 1249 352 1289 hostiis
381 1251 528 1290 faciunt
556 1254 626 1303 36,
663 1266 693 1290 1.

165 1306 261 1353 Far,
288 1304 457 1352 fruetus,
490 1318 604 1355 quem
634 1303 856 1344 consumere
889 1304 1110 1355 religiosum
1136 1306 1188 1345 est
1213 1320 1262 1355 25
1293 1319 1326 1360 ς.
1349 1307 1457 1347 farris

221 1357 364 1398 selibrae
392 1360 445 1399 M.
475 1359 621 1398 Manlio
650 1360 747 1398 datae
778 1373 823 1411 5,
846 1372 909 1408 47.
984 1402 990 1408 .

163 1413 290 1464 Fasces
318 1426 397 1451 non
428 1413 542 1465 ambo
587 1411 759 1451 consules
785 1413 824 1450 in
858 1412 953 1451 urbe
986 1411 1134 1451 habent
1163 1427 1206 1461 2,
1246 1427 1277 1455 1.
1307 1415 1455 1465 populo

216 1465 385 1505 submiffi
417 1480 436 1505 a
471 1467 508 1506 P.
537 1466 684 1506 Valerio
712 1481 748 1516 7.
786 1468 890 1516 capti
918 1479 939 1505 a
962 1466 1109 1514 Poenis,
1136 1476 1335 1517 ponuntur
1367 1478 1456 1508 ante
1480 1482 1483 1483 ⁷

216 1520 382 1559 tribunal
423 1521 662 1571 imperatoris
702 1533 771 1573 25,
816 1521 874 1561 16.
910 1533 931 1559 a
970 1520 1220 1561 multitudine
1260 1524 1467 1565 concitata.

220 1574 450 1624 franguntur
478 1589 525 1623 2,
557 1587 616 1628 55.
648 1587 689 1626 3,
718 1588 780 1626 49.
814 1588 889 1628 99,
913 1587 977 1626 43.
1018 1624 1020 1626 μ

129 1668 135 1674 ,
160 1628 281 1682 Fastos
316 1630 418 1667 circa
444 1628 570 1667 forum
605 1628 645 1667 in
673 1626 763 1667 albo
791 1630 974 1679 proponit
998 1627 1173 1678 Flavius,
1203 1639 1272 1678 ut,
1296 1630 1453 1679 quando

216 1683 301 1732 lege
329 1683 388 1733 agi
421 1682 564 1737 posset,
590 1682 768 1730 scitetur,
802 1697 845 1735 9,
873 1683 936 1731 46.
967 1682 1069 1732 fasti,
1098 1683 1138 1721 in
1173 1695 1266 1733 quos
1295 1684 1454 1722 nomina

214 1735 416 1775 consulum
447 1737 755 1786 diciatorumque
787 1749 878 1775 cum
906 1749 1039 1776 eorum
1065 1737 1176 1776 rebus
1205 1737 1316 1787 gestis
1350 1737 1451 1776 refe-

214 1790 394 1830 rebantur
413 1805 463 1843 9,
499 1791 559 1829 18.
587 1790 696 1830 fastos
721 1791 885 1829 correxit
912 1790 1036 1837 Julius
1059 1789 1178 1831 Caesar
1209 1803 1303 1842 115,
1328 1805 1388 1843 29.

158 1844 294 1883 Fauces
321 1845 368 1883 ad
409 1844 655 1893 Antigoniam
694 1857 764 1896 32,
796 1857 828 1898 5.
872 1843 1004 1884 Isthmi
1036 1859 1095 1884 21.
1142 1844 1372 1886 Thessaliam
1403 1844 1451 1884 ab

211 1898 447 1938 Athamania
468 1898 684 1938 dividentes
711 1911 777 1950 32,
797 1911 855 1946 ¹4·
881 1911 964 1948 quae
987 1898 1116 1937 ferunt
1138 1898 1179 1937 in
1204 1899 1354 1950 Tempe
1377 1913 1448 1953 33⁷2

218 1963 277 2003 13.

160 2006 293 2044 Faucia
325 2005 427 2045 curia
450 2019 495 2056 9,
519 2004 576 2056 38.
1410 2035 1427 2050 ἢ

159 2059 274 2097 Fauni
297 2061 396 2098 aedes
413 2088 425 2107 ‚
442 2060 542 2098 faeta
563 2060 603 2097 in
630 2056 750 2097 insula
775 2070 821 2097 ex
847 2057 1011 2109 pecunia
1038 2057 1277 2099 muletaticia
1298 2073 1338 2114 33
1354 2091 1365 2108 ,
1387 2074 1450 2108 42.

212 2112 389 2152 dedicata
416 2128 492 2167 34,
525 2126 582 2164 53.
613 2112 731 2151 Fauni
760 2121 825 2152 aut
857 2113 965 2152 Panis
994 2125 1137 2151 nomen
1169 2112 1357 2163 spectrum
1384 2128 1450 2152 no-

212 2174 268 2204 tat
295 2166 373 2216 84,
398 2181 459 2215 24.
498 2165 620 2205 Fauni
651 2178 718 2205 eur
753 2166 961 2206 humanam
995 2165 1158 2217 figuram
1189 2168 1344 2218 caprina
1375 2169 1451 2214 mis

214 2219 343 2259 sceant
376 2234 437 2273 25.

158 2275 334 2323 Faveria,
359 2273 545 2328 oppidum
570 2274 706 2322 Istriae,
736 2274 774 2313 vi
801 2274 948 2324 capitur
972 2287 992 2314 a
1020 2273 1206 2314 Romanis
1236 2289 1307 2323 41,
1334 2288 1392 2327 15.

160 2329 221 2367 M.
251 2330 455 2375 Favonius,
478 2339 640 2378 praetor,
664 2327 777 2367 refert
801 2328 849 2367 de
869 2341 964 2367 nece
984 2327 1197 2378 legatorum
1225 2328 1449 2368 Alexandri-

211 2394 349 2421 norum
371 2396 443 2431 104
457 2412 467 2429 ,
483 2396 548 2433 75.
569 2381 686 2421 aedilis
702 2380 825 2432 plebis
838 2413 847 2430 ,
865 2383 904 2421 in
919 2394 1109 2432 carcerem
1135 2382 1338 2430 conjicitur
1357 2383 1445 2429 106,

213 2436 273 2477 26.
298 2439 379 2486 ejus
400 2437 560 2487 querelae
583 2436 622 2475 in
639 2436 890 2487 Pompejum,
918 2439 955 2478 δι
975 2445 1094 2477 terror
1113 2448 1163 2477 ex
1183 2436 1347 2477 adventu
1367 2435 1445 2477 Cae.⁴
1503 2446 1508 2450 ⁴
