1638 2755
300 126 888 174 HISTORIARUM
936 129 1251 179 LIBROS.-

185 231 258 270 viri
283 234 463 282 majoris,
487 246 601 283 quam
629 246 697 283 pro
719 232 890 272 humano
915 232 1049 273 habitu
1065 266 1077 282 ‚
1103 235 1411 290 augustiorisque,⁴

188 285 266 325 visa
296 287 336 325 in
364 288 493 336 quiete
527 289 679 337 utrique
712 286 856 325 consuli
898 286 941 333 8,
970 288 1007 327 6.
1037 288 1179 338 species
1210 291 1411 333 hominum

186 339 284 378 circa
309 354 411 379 aram
428 341 465 378 in
481 340 581 379 coelo
595 372 609 388 ,
625 352 710 378 cum
725 341 890 380 candida
907 342 1004 380 veste
1028 357 1077 388 24
1091 372 1101 389 ‚
1124 357 1181 383 10.
1213 345 1413 394 Sper-‘trum

184 392 394 433 Hannibali
422 407 490 444 per
512 395 677 443 quietem
700 393 817 432 visum
841 408 886 434 21
904 423 915 443 ‚
938 409 996 433 22.
1024 396 1147 444 Spicae
1177 400 1412 440 metentibus

185 458 350 485 cruentae
377 447 415 485 in
435 448 591 486 corbem
620 448 793 486 cecidere
820 463 892 496 22,
919 461 952 486 1.
989 450 1219 489 metentibus
1244 462 1412 493 cruentae

184 499 270 538 visae
295 501 369 549 28,
400 515 456 540 11.
485 502 670 550 Stagnum
699 502 886 547 Mantuae,
911 499 1073 541 effusum
1099 503 1248 543 Mincio
1280 509 1414 555 amni,

185 562 386 593 cruentum
401 555 521 594 visum
539 570 612 603 24,
643 568 701 594 10.
732 555 918 605 Strepitus
939 567 1026 594 cum
1047 556 1239 597 horrendo
1262 560 1413 609 fragore

185 606 348 646 Lanuvii
376 609 414 645 in
437 608 517 646 aede
541 607 701 655 Junonis
722 608 882 659 Sospitae
909 609 1031 649 editus
1057 625 1132 662 29,
1159 625 1215 660 ¹4·
1251 624 1317 662 31,
1350 627 1410 652 12.

185 660 368 701 Tabernae
396 661 601 701 Frufinone
625 663 671 700 de
694 661 794 701 coelo
822 664 928 701 tac‘lcae
958 677 1032 716 30,
1057 665 1114 715 38.
1147 667 1181 704 ἃ
1207 666 1414 705 Minturnis

189 716 261 765 36,
291 727 352 764 37.†
378 714 526 754 Taurus
563 727 649 754 cum
674 717 841 766 quinque
869 719 991 755 vaccis
1025 730 1100 756 uno
1130 718 1299 758 fulminis
1334 721 1412 760 iCtu

182 768 389 806 exanimati
407 784 478 817 42,
496 783 554 808 20.
577 770 794 819 Tempestas
816 781 922 809 atrox
948 772 1047 821 ligna
1070 784 1171 810 aenea
1196 774 1234 811 in
1255 773 1413 822 Capito-

182 820 236 859 lio
257 821 396 869 dejecit
421 836 492 870 40,
517 838 549 861 2.
568 824 691 862 forem
714 837 760 862 ex
781 824 862 863 aede
887 824 1026 871 Lunae,
1052 839 1132 875 quae
1158 827 1196 864 in
1217 828 1408 867 Aventino

183 874 234 913 est
249 885 418 926 ,raptam
444 875 530 914 tulit
548 908 558 924 ,
579 879 612 915 &
638 878 674 915 in
694 877 845 927 posticis
867 879 1074 927 parietibus
1099 880 1244 920 Cereris
1273 881 1411 931 templi

183 928 330 975 affixit,
348 930 430 968 ibid.
458 929 556 980 figna
590 930 627 967 in
650 930 755 969 'circo
786 932 952 970 maximo
980 945 1066 971 cum
1095 933 1304 980 columnis,
1327 936 1413 984 qui-⁴

182 981 253 1019 bus
276 981 548 1032 superstabant,
569 986 722 1031 evertit,
745 986 829 1023 ibid.
852 985 898 1036 ch
921 986 954 1019 6³
976 998 1037 1033 45·
1065 986 1268 1031 Templum
1287 988 1410 1030 Juno-

180 1033 238 1068 nis
256 1035 418 1074 Lacinia:
446 1037 493 1074 de
515 1036 607 1075 ezelo
626 1039 768 1075 [aetum
797 1048 870 1087 37,
892 1049 926 1087 3.
953 1035 1135 1074 Tenebrae
1152 1035 1236 1074 luce
1259 1039 1407 1077 obortae

186 1084 233 1136 38
250 1115 261 1131 ‚
280 1085 339 1136 36.
370 1085 490 1124 Terra
513 1086 659 1135 ingenti
685 1096 792 1125 motu
818 1087 994 1127 concussa
1015 1102 1055 1140 3,
1077 1102 1133 1129 10.
1159 1091 1409 1131 multifariam

183 1137 283 1187 pluit
303 1151 366 1186 10,
396 1151 454 1190 31.
476 1139 523 1190 cfi
546 1142 591 1181 ἃ.
616 1153 690 1193 35,
715 1155 774 1179 21.
794 1155 864 1194 37,
889 1155 924 1193 3.
949 1157 1022 1189 42,
1046 1156 1106 1181 20.
1130 1155 1202 1195 45,
1226 1145 1282 1183 16.
1311 1146 1408 1183 Ana-

182 1191 279 1241 gniae
311 1202 396 1230 ante
430 1203 578 1241 portam
605 1194 702 1242 icta,
727 1194 830 1232 diem
859 1207 902 1233 ac
928 1199 1079 1234 noctem
1106 1195 1180 1234 fine
1200 1197 1279 1236 ullo
1308 1198 1407 1248 ignis

182 1245 365 1284 alimento
385 1245 469 1284 arlit
495 1260 565 1298 27,
594 1263 629 1295 4.
661 1248 792 1297 Arpini
814 1249 1011 1298 campestri
1036 1262 1123 1298 agro
1149 1251 1187 1288 in
1211 1253 1409 1301 ingentem

184 1299 306 1338 smum
333 1299 504 1338 consedit
533 1313 605 1352 30,
631 1315 664 1340 2.
694 1302 910 1352 ingentibus
943 1304 1112 1342 cavernis
1144 1304 1181 1342 in
1214 1305 1407 1347 Veliterno

185 1365 273 1402 agro
293 1353 492 1402 consedit,
518 1354 743 1405 arboresque
766 1357 804 1394 in
827 1356 1063 1406 profundum
1090 1357 1226 1397 haustae
1253 1372 1299 1411 30
1315 1391 1324 1407 ‚
1344 1362 1408 1414 38.

183 1407 231 1458 ch
255 1409 290 1446 5-
319 1421 387 1459 32,
416 1422 452 1461 9.
473 1417 577 1446 terrae
601 1418 726 1448 motus
754 1409 990 1459 prodigiosus
1020 1424 1088 1463 15,
1114 1425 1170 1450 10.
1192 1422 1297 1452 terrae
1324 1428 1409 1454 mo-

183 1460 285 1499 tibus
315 1461 458 1500 crebris
481 1463 576 1500 tedia
604 1462 643 1500 in
665 1463 760 1512 agris
786 1473 898 1501 ruunt
925 1479 972 1510 4,
998 1477 1057 1502 21.
1074 1464 1222 1504 Tiberis
1244 1467 1410 1507 inunda-

184 1515 237 1554 tio
276 1529 350 1568 30,
382 1515 439 1567 38.
472 1514 558 1553 loca
597 1515 709 1565 plana
740 1516 841 1555 urbis
877 1516 1078 1556 inundavit
1110 1531 1182 1570 35,
1206 1534 1243 1571 9.
1281 1521 1409 1563 Vacca

184 1581 287 1607 aenea
311 1568 499 1619 Syme-ulis
525 1569 572 1607 ab
599 1570 731 1620 agresti
759 1579 863 1609 tauro
885 1570 977 1608 inita
994 1600 1006 1616 ,
1029 1583 1072 1609 ac
1095 1571 1237 1611 semine
1264 1574 1410 1625 aspersa

186 1635 232 1670 41
249 1653 262 1669 ‚
287 1636 344 1671 17.
364 1621 569 1672 vesparum
606 1624 739 1673 ingens
760 1636 918 1662 examen
942 1624 1081 1673 Capuae
1112 1626 1152 1663 in
1179 1626 1303 1667 forum
1336 1630 1410 1668 ad-

186 1676 325 1714 volavit
345 1706 354 1722 ,
386 1680 418 1714 ἃ
444 1678 482 1713 in
520 1676 650 1716 Martis
675 1678 755 1716 aede
786 1677 1019 1731 consedit35
1039 1709 1051 1725 ‚
1073 1694 1107 1731 9.
1145 1679 1216 1718 Via
1249 1682 1407 1730 publica

186 1729 342 1769 Lanuvii
361 1730 408 1768 de
423 1730 522 1768 eoelo
545 1734 644 1769 tatia
661 1746 725 1784 32,
746 1746 781 1784 9.
809 1732 974 1770 Victoria
995 1734 1034 1770 in
1058 1733 1138 1770 aede
1156 1734 1409 1785 Concordiae,

188 1796 269 1833 quae
293 1784 332 1820 in
353 1782 520 1822 culmine
545 1792 645 1831 erat,
670 1784 830 1823 fulmine
853 1785 925 1824 ieta
945 1786 1016 1833 26,
1047 1798 1107 1836 23.
1136 1787 1199 1825 Vir
1219 1788 1338 1829 factus
1360 1803 1410 1830 ex

187 1836 346 1874 muliere
376 1852 424 1885 24
442 1868 452 1885 ‚
483 1851 539 1876 10.
578 1838 751 1886 vitulus,
776 1842 852 1887 jam
875 1840 969 1878 ierus
986 1869 996 1886 ‚
1019 1852 1040 1877 e
1062 1841 1238 1880 manibus
1266 1843 1409 1883 sacrifi-

185 1892 353 1929 cantium
385 1891 461 1930 sese
490 1892 694 1941 proripuit,
722 1892 935 1943 multosque
958 1894 1240 1935 circumstantes
1271 1910 1408 1937 cruore

185 1944 355 1993 respersit
381 1958 420 1995 31
439 1977 453 1992 ,
475 1946 535 1997 63.
557 1946 706 1996 Vorago
727 1947 765 1985 in
792 1947 875 1986 foro
898 1961 944 1998 7,
974 1949 1009 1986 6.
1041 1947 1122 1986 Vox
1142 1949 1275 1998 ingens
1301 1952 1411 1990 audi.

187 2006 225 2037 ta
240 2011 285 2037 ex
303 1998 434 2038 Albani
463 2001 603 2038 montis
628 2000 716 2038 luco
747 2015 761 2038 1
777 2030 788 2048 ‚
810 2013 867 2051 31.
887 2000 1047 2039 coelestis
1071 2014 1116 2040 ex
1137 2002 1284 2042 Albano
1303 2019 1412 2044 mon-

188 2059 226 2090 te
254 2052 378 2099 miffa,
403 2055 486 2092 ibid.
507 2066 553 2092 ex
579 2054 675 2092 Arsia
700 2053 785 2092 filva
802 2054 946 2093 silentio
973 2056 1092 2094 noetis
1116 2057 1216 2095 edita
1233 2089 1246 2104 ,
1267 2060 1302 2097 ἃ
1325 2071 1410 2098 cre-

190 2105 270 2143 dita
290 2105 429 2144 Silvani
459 2122 500 2154 2,
524 2121 560 2157 7.
587 2108 768 2147 divinitus
788 2108 916 2147 emissa
951 2109 998 2147 de
1022 2111 1185 2148 adventu
1209 2111 1410 2152 Gallorum.

194 2170 238 2210 ς,
271 2171 328 2208 32.
356 2160 485 2198 audita
514 2161 696 2211 eternplo
721 2163 877 2202 Nlatutae
900 2162 985 2201 Deae
1008 2163 1052 2210 6,
1081 2175 1138 2215 33.
1166 2164 1323 2203 Vulcani
1350 2180 1412 2206 ca-

188 2220 258 2261 put
288 2211 373 2249 arsit
404 2226 472 2263 34,
499 2226 563 2262 45.
594 2215 729 2253 Vultur
760 2217 892 2255 Roniae
918 2228 983 2266 per
1011 2217 1090 2254 dies
1118 2218 1329 2266 complures
1354 2220 1413 2259 se-

189 2265 248 2303 dit
275 2277 344 2317 15„
374 2279 429 2303 10.
460 2266 650 2306 Vulturius
680 2270 849 2308 Priverni
881 2271 1072 2318 frequenti
1105 2271 1188 2308 foro
1220 2271 1257 2309 in
1289 2273 1413 2312 taber.

188 2331 277 2356 nam
307 2318 458 2357 devolat
483 2334 556 2368 27,
585 2334 641 2360 11.
671 2323 774 2361 Caere
802 2323 947 2360 volavit
981 2324 1020 2361 in
1048 2324 1168 2362 aedem
1202 2324 1306 2371 ‚Jovis
1335 2342 1412 2378 27,

190 2385 253 2422 23.
276 2371 448 2422 Prodigia
471 2375 571 2412 varia
591 2375 666 2422 46,
699 2388 742 2428 5,
768 2375 841 2423 48,
865 2390 893 2413 1.
926 2388 992 2428 55,
1018 2382 1054 2430 9.
1084 2378 1153 2429 56,
1188 2391 1201 2414 1
1218 2409 1231 2424 ,
1254 2393 1324 2427 21,
1346 2395 1411 2428 41.

196 2426 270 2478 58,
289 2439 352 2476 47·
384 2440 448 2480 59⁹
468 2441 532 2477 77·
569 2427 641 2474 60³
662 2442 703 2479 7²
735 2429 798 2478 18,
820 2442 885 2484 75·
911 2430 988 2480 62,
1017 2444 1049 2480 1³
1072 2444 1140 2479 10>
1164 2443 1221 2483 54·
1255 2432 1326 2487 65,
1349 2446 1409 2487 30⁶

208 2483 259 2529 T.
286 2484 381 2532 Liv.
417 2485 511 2532 Vol.
532 2484 676 2533 XIII,
