<?xml version="1.0" encoding="UTF-8"?>
<!DOCTYPE html PUBLIC "-//W3C//DTD XHTML 1.0 Transitional//EN"
    "http://www.w3.org/TR/xhtml1/DTD/xhtml1-transitional.dtd">
<html xmlns="http://www.w3.org/1999/xhtml" xml:lang="en" lang="en">
 <head>
  <title>
</title>
<meta http-equiv="Content-Type" content="text/html;charset=utf-8" />
  <meta name='ocr-system' content='tesseract 3.04.00' />
  <meta name='ocr-capabilities' content='ocr_page ocr_carea ocr_par ocr_line ocrx_word'/>
</head>
<body>
  <div class='ocr_page' id='page_1' title='image "./historiarumlibri13livyuoft_0235.png"; bbox 0 0 1638 2755; ppageno 0'>
   <div class='ocr_carea' id='block_1_1' title="bbox 306 146 1242 203">
    <p class='ocr_par' dir='ltr' id='par_1_1' title="bbox 306 146 1242 203">
     <span class='ocr_line' id='line_1_1' title="bbox 306 146 1242 203; baseline -0.006 -1"><span class='ocrx_word' id='word_1_1' title='bbox 306 150 899 203; x_wconf 84' lang='lat' dir='ltr'>HISTORIARUM</span> <span class='ocrx_word' id='word_1_2' title='bbox 946 146 1242 196; x_wconf 80' lang='lat' dir='ltr'><strong>LIBROS.</strong></span> 
     </span>
    </p>
   </div>
   <div class='ocr_carea' id='block_1_2' title="bbox 158 257 1467 2521">
    <p class='ocr_par' dir='ltr' id='par_1_2' title="bbox 188 257 1438 1016">
     <span class='ocr_line' id='line_1_2' title="bbox 188 257 1418 316; baseline -0.006 -13"><span class='ocrx_word' id='word_1_3' title='bbox 188 264 292 304; x_wconf 71' lang='lat' dir='ltr'>sacra</span> <span class='ocrx_word' id='word_1_4' title='bbox 310 278 372 316; x_wconf 88' lang='lat'>45.</span> <span class='ocrx_word' id='word_1_5' title='bbox 401 275 465 301; x_wconf 86' lang='lat' dir='ltr'>eos</span> <span class='ocrx_word' id='word_1_6' title='bbox 490 261 557 300; x_wconf 75' lang='lat' dir='ltr'>fibi</span> <span class='ocrx_word' id='word_1_7' title='bbox 582 257 762 299; x_wconf 86' lang='lat' dir='ltr'>conciliat</span> <span class='ocrx_word' id='word_1_8' title='bbox 784 257 1014 307; x_wconf 74' lang='lat' dir='ltr'><strong>Tarquinius</strong></span> <span class='ocrx_word' id='word_1_9' title='bbox 1040 257 1234 306; x_wconf 82' lang='lat' dir='ltr'><strong>Superbus</strong></span> <span class='ocrx_word' id='word_1_10' title='bbox 1249 270 1310 310; x_wconf 83' lang='lat'>49.</span> <span class='ocrx_word' id='word_1_11' title='bbox 1327 266 1418 296; x_wconf 80' lang='lat' dir='ltr'>cum</span> 
     </span>
     <span class='ocr_line' id='line_1_3' title="bbox 191 309 1423 368; baseline -0.007 -10"><span class='ocrx_word' id='word_1_12' title='bbox 191 320 237 358; x_wconf 83' lang='lat' dir='ltr'>iis</span> <span class='ocrx_word' id='word_1_13' title='bbox 263 318 390 357; x_wconf 84' lang='lat' dir='ltr'>foedus</span> <span class='ocrx_word' id='word_1_14' title='bbox 418 317 512 355; x_wconf 79' lang='lat' dir='ltr'>facit</span> <span class='ocrx_word' id='word_1_15' title='bbox 538 314 631 368; x_wconf 71' lang='lat'>50&amp;</span> <span class='ocrx_word' id='word_1_16' title='bbox 650 327 708 367; x_wconf 83' lang='lat'>52.</span> <span class='ocrx_word' id='word_1_17' title='bbox 735 311 784 350; x_wconf 85' lang='lat' dir='ltr'>ad</span> <span class='ocrx_word' id='word_1_18' title='bbox 810 309 1004 362; x_wconf 82' lang='lat' dir='ltr'>Regillum</span> <span class='ocrx_word' id='word_1_19' title='bbox 1030 310 1155 348; x_wconf 86' lang='lat' dir='ltr'>lacum</span> <span class='ocrx_word' id='word_1_20' title='bbox 1182 312 1260 350; x_wconf 80' lang='lat' dir='ltr'>caesi</span> <span class='ocrx_word' id='word_1_21' title='bbox 1289 325 1334 358; x_wconf 78' lang='lat'>2,</span> <span class='ocrx_word' id='word_1_22' title='bbox 1373 325 1423 364; x_wconf 88' lang='lat'>19</span> 
     </span>
     <span class='ocr_line' id='line_1_4' title="bbox 189 363 1420 412; baseline -0.006 0"><span class='ocrx_word' id='word_1_23' title='bbox 189 375 227 412; x_wconf 62' lang='grc' dir='ltr'>ἓν</span> <span class='ocrx_word' id='word_1_24' title='bbox 255 386 316 411; x_wconf 85' lang='lat'>20.</span> <span class='ocrx_word' id='word_1_25' title='bbox 354 370 558 410; x_wconf 76' lang='lat' dir='ltr'>sollicitant</span> <span class='ocrx_word' id='word_1_26' title='bbox 591 368 722 406; x_wconf 82' lang='lat' dir='ltr'>frustra</span> <span class='ocrx_word' id='word_1_27' title='bbox 749 366 901 405; x_wconf 87' lang='lat' dir='ltr'>Latinos</span> <span class='ocrx_word' id='word_1_28' title='bbox 926 363 1052 402; x_wconf 82' lang='lat' dir='ltr'>Volsci</span> <span class='ocrx_word' id='word_1_29' title='bbox 1080 365 1128 402; x_wconf 83' lang='lat' dir='ltr'>ad</span> <span class='ocrx_word' id='word_1_30' title='bbox 1164 364 1306 403; x_wconf 80' lang='lat' dir='ltr'>bellurn</span> <span class='ocrx_word' id='word_1_31' title='bbox 1339 366 1420 404; x_wconf 81' lang='lat' dir='ltr'>Ro-</span> 
     </span>
     <span class='ocr_line' id='line_1_5' title="bbox 192 418 1427 467; baseline -0.007 -1"><span class='ocrx_word' id='word_1_32' title='bbox 192 426 315 467; x_wconf 86' lang='lat' dir='ltr'>manis</span> <span class='ocrx_word' id='word_1_33' title='bbox 345 424 588 464; x_wconf 84' lang='lat' dir='ltr'>inferendum</span> <span class='ocrx_word' id='word_1_34' title='bbox 623 435 684 459; x_wconf 87' lang='lat'>22.</span> <span class='ocrx_word' id='word_1_35' title='bbox 715 419 841 459; x_wconf 85' lang='lat' dir='ltr'>Latini</span> <span class='ocrx_word' id='word_1_36' title='bbox 873 419 1004 456; x_wconf 83' lang='lat' dir='ltr'>favent</span> <span class='ocrx_word' id='word_1_37' title='bbox 1032 418 1234 467; x_wconf 59' lang='lat' dir='ltr'>Romanis9</span> <span class='ocrx_word' id='word_1_38' title='bbox 1256 420 1338 456; x_wconf 66' lang='lat' dir='ltr'>ibld.</span> <span class='ocrx_word' id='word_1_39' title='bbox 1359 418 1427 458; x_wconf 73' lang='lat' dir='ltr'>sex.</span> 
     </span>
     <span class='ocr_line' id='line_1_6' title="bbox 194 472 1426 523; baseline -0.012 -3"><span class='ocrx_word' id='word_1_40' title='bbox 194 479 318 520; x_wconf 86' lang='lat' dir='ltr'>millia</span> <span class='ocrx_word' id='word_1_41' title='bbox 348 479 570 519; x_wconf 85' lang='lat' dir='ltr'>Latinorum</span> <span class='ocrx_word' id='word_1_42' title='bbox 595 476 833 523; x_wconf 82' lang='lat' dir='ltr'>captivorum</span> <span class='ocrx_word' id='word_1_43' title='bbox 860 485 880 510; x_wconf 87' lang='lat' dir='ltr'>a</span> <span class='ocrx_word' id='word_1_44' title='bbox 902 472 1030 510; x_wconf 81' lang='lat' dir='ltr'>senatu</span> <span class='ocrx_word' id='word_1_45' title='bbox 1060 472 1230 519; x_wconf 71' lang='lat' dir='ltr'>remissa,</span> <span class='ocrx_word' id='word_1_46' title='bbox 1252 474 1336 510; x_wconf 77' lang='lat' dir='ltr'>ibid.</span> <span class='ocrx_word' id='word_1_47' title='bbox 1360 485 1426 510; x_wconf 84' lang='lat' dir='ltr'>co.</span> 
     </span>
     <span class='ocr_line' id='line_1_7' title="bbox 194 526 1430 576; baseline -0.006 -4"><span class='ocrx_word' id='word_1_48' title='bbox 194 545 328 573; x_wconf 79' lang='lat' dir='ltr'>ronam</span> <span class='ocrx_word' id='word_1_49' title='bbox 359 543 510 571; x_wconf 86' lang='lat' dir='ltr'>auream</span> <span class='ocrx_word' id='word_1_50' title='bbox 549 529 634 576; x_wconf 84' lang='lat' dir='ltr'>Jovi</span> <span class='ocrx_word' id='word_1_51' title='bbox 666 530 706 566; x_wconf 86' lang='lat' dir='ltr'>in</span> <span class='ocrx_word' id='word_1_52' title='bbox 736 526 968 576; x_wconf 80' lang='lat' dir='ltr'>Capitolium</span> <span class='ocrx_word' id='word_1_53' title='bbox 1002 527 1186 575; x_wconf 85' lang='lat' dir='ltr'>mittunt,</span> <span class='ocrx_word' id='word_1_54' title='bbox 1213 528 1247 564; x_wconf 83' lang='lat' dir='ltr'>ib</span> <span class='ocrx_word' id='word_1_55' title='bbox 1263 528 1296 564; x_wconf 85' lang='grc' dir='ltr'>α’.</span> <span class='ocrx_word' id='word_1_56' title='bbox 1336 537 1430 565; x_wconf 82' lang='lat' dir='ltr'>cum.</span> 
     </span>
     <span class='ocr_line' id='line_1_8' title="bbox 196 579 1433 635; baseline -0.007 -9"><span class='ocrx_word' id='word_1_57' title='bbox 196 587 342 629; x_wconf 81' lang='lat' dir='ltr'>Latinis</span> <span class='ocrx_word' id='word_1_58' title='bbox 371 583 523 635; x_wconf 86' lang='lat' dir='ltr'>populis</span> <span class='ocrx_word' id='word_1_59' title='bbox 551 584 670 621; x_wconf 80' lang='lat' dir='ltr'>ictum</span> <span class='ocrx_word' id='word_1_60' title='bbox 701 581 830 619; x_wconf 84' lang='lat' dir='ltr'>foedus</span> <span class='ocrx_word' id='word_1_61' title='bbox 858 593 916 631; x_wconf 80' lang='lat'>33.</span> <span class='ocrx_word' id='word_1_62' title='bbox 940 590 1124 618; x_wconf 72' lang='lat' dir='ltr'>vexantur</span> <span class='ocrx_word' id='word_1_63' title='bbox 1149 579 1433 618; x_wconf 75' lang='lat' dir='ltr'>incursionibus</span> 
     </span>
     <span class='ocr_line' id='line_1_9' title="bbox 195 632 1432 690; baseline -0.008 -11"><span class='ocrx_word' id='word_1_64' title='bbox 195 641 404 690; x_wconf 82' lang='lat' dir='ltr'>AEquorum</span> <span class='ocrx_word' id='word_1_65' title='bbox 434 637 497 686; x_wconf 83' lang='lat'>48.</span> <span class='ocrx_word' id='word_1_66' title='bbox 527 648 660 674; x_wconf 85' lang='lat' dir='ltr'>eorum</span> <span class='ocrx_word' id='word_1_67' title='bbox 688 647 799 684; x_wconf 80' lang='lat' dir='ltr'>agros</span> <span class='ocrx_word' id='word_1_68' title='bbox 831 633 1114 683; x_wconf 77' lang='lat' dir='ltr'>depopulantur</span> <span class='ocrx_word' id='word_1_69' title='bbox 1142 633 1253 684; x_wconf 83' lang='lat' dir='ltr'>AEqui</span> <span class='ocrx_word' id='word_1_70' title='bbox 1276 635 1311 672; x_wconf 70' lang='grc' dir='ltr'>δι</span> <span class='ocrx_word' id='word_1_71' title='bbox 1336 632 1432 671; x_wconf 88' lang='lat' dir='ltr'>Vol-</span> 
     </span>
     <span class='ocr_line' id='line_1_10' title="bbox 199 687 1435 745; baseline -0.006 -12"><span class='ocrx_word' id='word_1_72' title='bbox 199 696 252 734; x_wconf 85' lang='lat' dir='ltr'>sci</span> <span class='ocrx_word' id='word_1_73' title='bbox 280 694 380 745; x_wconf 78' lang='lat'>3„6.</span> <span class='ocrx_word' id='word_1_74' title='bbox 407 692 453 729; x_wconf 90' lang='lat' dir='ltr'>iis</span> <span class='ocrx_word' id='word_1_75' title='bbox 491 691 605 728; x_wconf 81' lang='lat' dir='ltr'>tristia</span> <span class='ocrx_word' id='word_1_76' title='bbox 636 687 809 739; x_wconf 88' lang='lat' dir='ltr'>responsa</span> <span class='ocrx_word' id='word_1_77' title='bbox 847 701 868 726; x_wconf 87' lang='lat' dir='ltr'>a</span> <span class='ocrx_word' id='word_1_78' title='bbox 897 687 1025 726; x_wconf 87' lang='lat' dir='ltr'>senatu</span> <span class='ocrx_word' id='word_1_79' title='bbox 1065 689 1178 736; x_wconf 79' lang='lat' dir='ltr'>data,</span> <span class='ocrx_word' id='word_1_80' title='bbox 1200 689 1285 725; x_wconf 70' lang='lat' dir='ltr'>ibid.</span> <span class='ocrx_word' id='word_1_81' title='bbox 1314 699 1435 737; x_wconf 79' lang='lat' dir='ltr'>opem.</span> 
     </span>
     <span class='ocr_line' id='line_1_11' title="bbox 195 742 1434 792; baseline -0.007 -5"><span class='ocrx_word' id='word_1_82' title='bbox 195 749 328 788; x_wconf 78' lang='lat' dir='ltr'>ferunt</span> <span class='ocrx_word' id='word_1_83' title='bbox 357 745 538 785; x_wconf 83' lang='lat' dir='ltr'>Romanis</span> <span class='ocrx_word' id='word_1_84' title='bbox 554 742 730 783; x_wconf 84' lang='lat' dir='ltr'>adversus</span> <span class='ocrx_word' id='word_1_85' title='bbox 751 743 908 782; x_wconf 82' lang='lat' dir='ltr'>Volscos</span> <span class='ocrx_word' id='word_1_86' title='bbox 931 746 964 781; x_wconf 58' lang='grc' dir='ltr'><strong>ἃ</strong></span> <span class='ocrx_word' id='word_1_87' title='bbox 990 742 1160 792; x_wconf 78' lang='lat' dir='ltr'>AEquos,</span> <span class='ocrx_word' id='word_1_88' title='bbox 1185 742 1246 781; x_wconf 89' lang='lat' dir='ltr'>sed</span> <span class='ocrx_word' id='word_1_89' title='bbox 1273 742 1434 780; x_wconf 76' lang='lat' dir='ltr'>vincun-</span> 
     </span>
     <span class='ocr_line' id='line_1_12' title="bbox 198 795 1437 852; baseline -0.007 -11"><span class='ocrx_word' id='word_1_90' title='bbox 198 811 262 841; x_wconf 86' lang='lat' dir='ltr'>tur</span> <span class='ocrx_word' id='word_1_91' title='bbox 289 815 327 852; x_wconf 91' lang='lat'>7.</span> <span class='ocrx_word' id='word_1_92' title='bbox 350 799 537 838; x_wconf 83' lang='lat' dir='ltr'>deficiunt</span> <span class='ocrx_word' id='word_1_93' title='bbox 566 811 586 836; x_wconf 90' lang='lat' dir='ltr'>a</span> <span class='ocrx_word' id='word_1_94' title='bbox 613 797 814 842; x_wconf 66' lang='lat' dir='ltr'>Romanis,</span> <span class='ocrx_word' id='word_1_95' title='bbox 854 808 941 834; x_wconf 89' lang='lat' dir='ltr'>cum</span> <span class='ocrx_word' id='word_1_96' title='bbox 971 810 1036 844; x_wconf 83' lang='lat' dir='ltr'>per</span> <span class='ocrx_word' id='word_1_97' title='bbox 1063 809 1181 835; x_wconf 84' lang='lat' dir='ltr'>annos</span> <span class='ocrx_word' id='word_1_98' title='bbox 1219 795 1304 846; x_wconf 85' lang='lat' dir='ltr'>plus</span> <span class='ocrx_word' id='word_1_99' title='bbox 1344 807 1437 833; x_wconf 86' lang='lat' dir='ltr'>cen-</span> 
     </span>
     <span class='ocr_line' id='line_1_13' title="bbox 199 850 1436 905; baseline -0.006 -11"><span class='ocrx_word' id='word_1_100' title='bbox 199 866 284 895; x_wconf 83' lang='lat' dir='ltr'>tum</span> <span class='ocrx_word' id='word_1_101' title='bbox 322 866 516 905; x_wconf 84' lang='lat' dir='ltr'>nunquam</span> <span class='ocrx_word' id='word_1_102' title='bbox 546 852 724 901; x_wconf 77' lang='lat' dir='ltr'>ambigua</span> <span class='ocrx_word' id='word_1_103' title='bbox 751 851 828 889; x_wconf 76' lang='lat' dir='ltr'>fide</span> <span class='ocrx_word' id='word_1_104' title='bbox 858 852 897 888; x_wconf 87' lang='lat' dir='ltr'>in</span> <span class='ocrx_word' id='word_1_105' title='bbox 932 850 1097 888; x_wconf 72' lang='lat' dir='ltr'>amicitia</span> <span class='ocrx_word' id='word_1_106' title='bbox 1130 850 1299 889; x_wconf 88' lang='lat' dir='ltr'>Romana</span> <span class='ocrx_word' id='word_1_107' title='bbox 1328 862 1436 887; x_wconf 80' lang='lat' dir='ltr'>man-</span> 
     </span>
     <span class='ocr_line' id='line_1_14' title="bbox 201 903 1438 957; baseline -0.006 -8"><span class='ocrx_word' id='word_1_108' title='bbox 201 909 328 949; x_wconf 73' lang='lat' dir='ltr'>fisl&#39;ent</span> <span class='ocrx_word' id='word_1_109' title='bbox 355 909 402 953; x_wconf 75' lang='lat'>6,</span> <span class='ocrx_word' id='word_1_110' title='bbox 422 923 455 945; x_wconf 81' lang='lat'>2.</span> <span class='ocrx_word' id='word_1_111' title='bbox 477 907 524 957; x_wconf 77' lang='lat' dir='ltr'>cf.</span> <span class='ocrx_word' id='word_1_112' title='bbox 546 906 580 943; x_wconf 66' lang='lat'>5,</span> <span class='ocrx_word' id='word_1_113' title='bbox 602 919 653 957; x_wconf 87' lang='lat'>7,</span> <span class='ocrx_word' id='word_1_114' title='bbox 681 918 720 942; x_wconf 84' lang='grc' dir='ltr'>ιι</span> <span class='ocrx_word' id='word_1_115' title='bbox 748 914 780 944; x_wconf 67' lang='lat' dir='ltr'>c,</span> <span class='ocrx_word' id='word_1_116' title='bbox 808 918 865 956; x_wconf 83' lang='lat'>32.</span> <span class='ocrx_word' id='word_1_117' title='bbox 892 906 939 942; x_wconf 84' lang='lat' dir='ltr'>ab</span> <span class='ocrx_word' id='word_1_118' title='bbox 966 906 1010 942; x_wconf 87' lang='lat' dir='ltr'>iis</span> <span class='ocrx_word' id='word_1_119' title='bbox 1040 903 1248 944; x_wconf 85' lang='lat' dir='ltr'>Tusculum</span> <span class='ocrx_word' id='word_1_120' title='bbox 1278 913 1438 953; x_wconf 82' lang='lat' dir='ltr'>captum</span> 
     </span>
     <span class='ocr_line' id='line_1_15' title="bbox 206 959 1437 1016; baseline -0.006 -13"><span class='ocrx_word' id='word_1_121' title='bbox 206 976 268 1016; x_wconf 83' lang='lat'>33.</span> <span class='ocrx_word' id='word_1_122' title='bbox 290 963 395 1012; x_wconf 86' lang='lat' dir='ltr'>quod</span> <span class='ocrx_word' id='word_1_123' title='bbox 425 962 605 1010; x_wconf 79' lang='lat' dir='ltr'>recipitur</span> <span class='ocrx_word' id='word_1_124' title='bbox 621 990 631 1005; x_wconf 64' lang='lat'>‚</span> <span class='ocrx_word' id='word_1_125' title='bbox 650 960 747 997; x_wconf 79' lang='lat' dir='ltr'>caeiis</span> <span class='ocrx_word' id='word_1_126' title='bbox 771 959 932 1005; x_wconf 78' lang='lat' dir='ltr'>Latinis,</span> <span class='ocrx_word' id='word_1_127' title='bbox 955 959 1039 996; x_wconf 50' lang='lat' dir='ltr'>ibid.</span> <span class='ocrx_word' id='word_1_128' title='bbox 1063 960 1108 996; x_wconf 88' lang='lat' dir='ltr'>iis</span> <span class='ocrx_word' id='word_1_129' title='bbox 1130 959 1344 1006; x_wconf 81' lang='lat' dir='ltr'>petentibus</span> <span class='ocrx_word' id='word_1_130' title='bbox 1360 969 1437 1008; x_wconf 74' lang='lat' dir='ltr'>pax</span> 
     </span>
    </p>

    <p class='ocr_par' dir='ltr' id='par_1_3' title="bbox 158 1012 1463 2037">
     <span class='ocr_line' id='line_1_16' title="bbox 158 1012 1439 1066; baseline -0.006 -10"><span class='ocrx_word' id='word_1_131' title='bbox 158 1030 161 1038; x_wconf 73' lang='lat'><em>¹</em></span> <span class='ocrx_word' id='word_1_132' title='bbox 204 1018 294 1056; x_wconf 77' lang='lat' dir='ltr'>data</span> <span class='ocrx_word' id='word_1_133' title='bbox 314 1031 352 1066; x_wconf 72' lang='lat'>7,</span> <span class='ocrx_word' id='word_1_134' title='bbox 372 1030 427 1054; x_wconf 86' lang='lat'>12.</span> <span class='ocrx_word' id='word_1_135' title='bbox 445 1027 581 1064; x_wconf 83' lang='lat' dir='ltr'>magna</span> <span class='ocrx_word' id='word_1_136' title='bbox 605 1015 659 1051; x_wconf 87' lang='lat' dir='ltr'>vis</span> <span class='ocrx_word' id='word_1_137' title='bbox 682 1012 846 1050; x_wconf 78' lang='lat' dir='ltr'>militum</span> <span class='ocrx_word' id='word_1_138' title='bbox 865 1013 912 1050; x_wconf 77' lang='lat' dir='ltr'>ab</span> <span class='ocrx_word' id='word_1_139' title='bbox 936 1013 980 1050; x_wconf 89' lang='lat' dir='ltr'>iis</span> <span class='ocrx_word' id='word_1_140' title='bbox 1003 1023 1161 1061; x_wconf 80' lang='lat' dir='ltr'>accepta</span> <span class='ocrx_word' id='word_1_141' title='bbox 1175 1042 1187 1057; x_wconf 90' lang='lat'><em>,</em></span> <span class='ocrx_word' id='word_1_142' title='bbox 1208 1014 1292 1051; x_wconf 54' lang='lat' dir='ltr'>ibis.</span> <span class='ocrx_word' id='word_1_143' title='bbox 1306 1013 1439 1049; x_wconf 86' lang='lat' dir='ltr'>conci-</span> 
     </span>
     <span class='ocr_line' id='line_1_17' title="bbox 203 1064 1438 1117; baseline -0.006 -6"><span class='ocrx_word' id='word_1_144' title='bbox 203 1071 256 1111; x_wconf 86' lang='lat' dir='ltr'>]ia</span> <span class='ocrx_word' id='word_1_145' title='bbox 278 1070 421 1110; x_wconf 82' lang='lat' dir='ltr'>habent</span> <span class='ocrx_word' id='word_1_146' title='bbox 440 1101 450 1117; x_wconf 83' lang='lat'>,</span> <span class='ocrx_word' id='word_1_147' title='bbox 469 1067 697 1108; x_wconf 71' lang='lat' dir='ltr'>&amp;Romanis</span> <span class='ocrx_word' id='word_1_148' title='bbox 717 1078 857 1115; x_wconf 65' lang='lat' dir='ltr'>negant</span> <span class='ocrx_word' id='word_1_149' title='bbox 874 1064 1011 1104; x_wconf 79' lang='lat' dir='ltr'>milites</span> <span class='ocrx_word' id='word_1_150' title='bbox 1029 1080 1088 1117; x_wconf 84' lang='lat'>25.</span> <span class='ocrx_word' id='word_1_151' title='bbox 1106 1065 1335 1103; x_wconf 81' lang='lat' dir='ltr'>exercitibus</span> <span class='ocrx_word' id='word_1_152' title='bbox 1357 1068 1438 1113; x_wconf 80' lang='lat' dir='ltr'>jam.</span> 
     </span>
     <span class='ocr_line' id='line_1_18' title="bbox 205 1118 1435 1174; baseline -0.005 -9"><span class='ocrx_word' id='word_1_153' title='bbox 205 1128 249 1166; x_wconf 81' lang='lat' dir='ltr'>in</span> <span class='ocrx_word' id='word_1_154' title='bbox 263 1125 457 1164; x_wconf 78' lang='lat' dir='ltr'>Romanos</span> <span class='ocrx_word' id='word_1_155' title='bbox 487 1122 740 1171; x_wconf 78' lang='lat' dir='ltr'>comparatiS‚</span> <span class='ocrx_word' id='word_1_156' title='bbox 770 1130 925 1158; x_wconf 81' lang='lat' dir='ltr'>vertunt</span> <span class='ocrx_word' id='word_1_157' title='bbox 947 1118 1090 1157; x_wconf 90' lang='lat' dir='ltr'>bellum</span> <span class='ocrx_word' id='word_1_158' title='bbox 1118 1120 1154 1157; x_wconf 87' lang='lat' dir='ltr'>in</span> <span class='ocrx_word' id='word_1_159' title='bbox 1182 1119 1353 1169; x_wconf 71' lang='lat' dir='ltr'>pelignos</span> <span class='ocrx_word' id='word_1_160' title='bbox 1371 1119 1435 1174; x_wconf 69' lang='lat'>38,</span> 
     </span>
     <span class='ocr_line' id='line_1_19' title="bbox 209 1174 1443 1223; baseline -0.006 -4"><span class='ocrx_word' id='word_1_161' title='bbox 209 1179 371 1219; x_wconf 84' lang='lat' dir='ltr'>Sidicini</span> <span class='ocrx_word' id='word_1_162' title='bbox 392 1175 586 1215; x_wconf 78' lang='lat' dir='ltr'>deduntse</span> <span class='ocrx_word' id='word_1_163' title='bbox 600 1174 801 1221; x_wconf 78' lang='lat' dir='ltr'>Latini88‚</span> <span class='ocrx_word' id='word_1_164' title='bbox 817 1189 848 1212; x_wconf 85' lang='lat'>2.</span> <span class='ocrx_word' id='word_1_165' title='bbox 868 1174 986 1212; x_wconf 77' lang='lat' dir='ltr'>Latini</span> <span class='ocrx_word' id='word_1_166' title='bbox 1006 1175 1148 1211; x_wconf 77' lang='lat' dir='ltr'>vastant</span> <span class='ocrx_word' id='word_1_167' title='bbox 1172 1185 1280 1223; x_wconf 87' lang='lat' dir='ltr'>agros</span> <span class='ocrx_word' id='word_1_168' title='bbox 1293 1174 1443 1213; x_wconf 81' lang='lat' dir='ltr'>Samni·</span> 
     </span>
     <span class='ocr_line' id='line_1_20' title="bbox 211 1227 1444 1281; baseline -0.006 -9"><span class='ocrx_word' id='word_1_169' title='bbox 211 1235 310 1272; x_wconf 90' lang='lat' dir='ltr'>tium</span> <span class='ocrx_word' id='word_1_170' title='bbox 326 1262 336 1277; x_wconf 75' lang='lat'>‚</span> <span class='ocrx_word' id='word_1_171' title='bbox 358 1232 442 1268; x_wconf 79' lang='lat' dir='ltr'>ibid.</span> <span class='ocrx_word' id='word_1_172' title='bbox 467 1229 678 1268; x_wconf 86' lang='lat' dir='ltr'>moliuntur</span> <span class='ocrx_word' id='word_1_173' title='bbox 700 1227 851 1267; x_wconf 86' lang='lat' dir='ltr'>occulte</span> <span class='ocrx_word' id='word_1_174' title='bbox 878 1228 1021 1266; x_wconf 87' lang='lat' dir='ltr'>bellum</span> <span class='ocrx_word' id='word_1_175' title='bbox 1048 1229 1086 1264; x_wconf 88' lang='lat' dir='ltr'>in</span> <span class='ocrx_word' id='word_1_176' title='bbox 1107 1227 1304 1267; x_wconf 82' lang='lat' dir='ltr'>Romanos</span> <span class='ocrx_word' id='word_1_177' title='bbox 1329 1242 1360 1281; x_wconf 36' lang='lat'>3&lt;</span> <span class='ocrx_word' id='word_1_178' title='bbox 1377 1228 1444 1266; x_wconf 88' lang='lat' dir='ltr'>de·</span> 
     </span>
     <span class='ocr_line' id='line_1_21' title="bbox 211 1281 1444 1335; baseline -0.003 -12"><span class='ocrx_word' id='word_1_179' title='bbox 211 1299 298 1325; x_wconf 89' lang='lat' dir='ltr'>cem</span> <span class='ocrx_word' id='word_1_180' title='bbox 325 1285 518 1335; x_wconf 79' lang='lat' dir='ltr'>principes</span> <span class='ocrx_word' id='word_1_181' title='bbox 542 1283 762 1323; x_wconf 87' lang='lat' dir='ltr'>Latinorum</span> <span class='ocrx_word' id='word_1_182' title='bbox 788 1282 950 1322; x_wconf 79' lang='lat' dir='ltr'>Romam</span> <span class='ocrx_word' id='word_1_183' title='bbox 975 1283 1148 1325; x_wconf 80' lang='lat' dir='ltr'>evocati,</span> <span class='ocrx_word' id='word_1_184' title='bbox 1174 1282 1265 1326; x_wconf 59' lang='lat' dir='ltr'>ibid„</span> <span class='ocrx_word' id='word_1_185' title='bbox 1287 1281 1444 1320; x_wconf 81' lang='lat' dir='ltr'>consilia</span> 
     </span>
     <span class='ocr_line' id='line_1_22' title="bbox 211 1335 1447 1386; baseline -0.006 -5"><span class='ocrx_word' id='word_1_186' title='bbox 211 1340 435 1381; x_wconf 81' lang='lat' dir='ltr'>Latinorum</span> <span class='ocrx_word' id='word_1_187' title='bbox 460 1351 502 1376; x_wconf 84' lang='lat' dir='ltr'>ea</span> <span class='ocrx_word' id='word_1_188' title='bbox 529 1339 576 1375; x_wconf 88' lang='lat' dir='ltr'>de</span> <span class='ocrx_word' id='word_1_189' title='bbox 603 1349 640 1375; x_wconf 89' lang='lat' dir='ltr'>re</span> <span class='ocrx_word' id='word_1_190' title='bbox 662 1352 695 1384; x_wconf 83' lang='lat'>4.</span> <span class='ocrx_word' id='word_1_191' title='bbox 723 1347 859 1386; x_wconf 82' lang='lat' dir='ltr'>petunt</span> <span class='ocrx_word' id='word_1_192' title='bbox 885 1335 1081 1374; x_wconf 78' lang='lat' dir='ltr'>consulem</span> <span class='ocrx_word' id='word_1_193' title='bbox 1103 1337 1136 1375; x_wconf 74' lang='lat' dir='ltr'>Sc</span> <span class='ocrx_word' id='word_1_194' title='bbox 1163 1335 1352 1374; x_wconf 88' lang='lat' dir='ltr'>senatores</span> <span class='ocrx_word' id='word_1_195' title='bbox 1370 1335 1447 1375; x_wconf 81' lang='lat' dir='ltr'>La-</span> 
     </span>
     <span class='ocr_line' id='line_1_23' title="bbox 214 1389 1446 1446; baseline -0.005 -13"><span class='ocrx_word' id='word_1_196' title='bbox 214 1395 316 1433; x_wconf 84' lang='lat' dir='ltr'>tinos</span> <span class='ocrx_word' id='word_1_197' title='bbox 342 1406 372 1446; x_wconf 82' lang='lat'>5.</span> <span class='ocrx_word' id='word_1_198' title='bbox 397 1393 442 1431; x_wconf 88' lang='lat' dir='ltr'>iis</span> <span class='ocrx_word' id='word_1_199' title='bbox 464 1392 634 1429; x_wconf 87' lang='lat' dir='ltr'>inferunt</span> <span class='ocrx_word' id='word_1_200' title='bbox 660 1390 802 1429; x_wconf 84' lang='lat' dir='ltr'>bellum</span> <span class='ocrx_word' id='word_1_201' title='bbox 830 1389 997 1429; x_wconf 78' lang='lat' dir='ltr'>Romani</span> <span class='ocrx_word' id='word_1_202' title='bbox 1023 1390 1058 1428; x_wconf 84' lang='lat'>6.</span> <span class='ocrx_word' id='word_1_203' title='bbox 1083 1389 1129 1428; x_wconf 89' lang='lat' dir='ltr'>ad</span> <span class='ocrx_word' id='word_1_204' title='bbox 1153 1389 1327 1438; x_wconf 77' lang='lat' dir='ltr'>Capuam</span> <span class='ocrx_word' id='word_1_205' title='bbox 1353 1402 1446 1428; x_wconf 83' lang='lat' dir='ltr'>con·</span> 
     </span>
     <span class='ocr_line' id='line_1_24' title="bbox 214 1441 1449 1493; baseline -0.003 -7"><span class='ocrx_word' id='word_1_206' title='bbox 214 1449 378 1487; x_wconf 88' lang='lat' dir='ltr'>veniunt</span> <span class='ocrx_word' id='word_1_207' title='bbox 403 1447 523 1485; x_wconf 82' lang='lat' dir='ltr'>Latini</span> <span class='ocrx_word' id='word_1_208' title='bbox 547 1457 635 1483; x_wconf 89' lang='lat' dir='ltr'>curn</span> <span class='ocrx_word' id='word_1_209' title='bbox 663 1444 772 1483; x_wconf 86' lang='lat' dir='ltr'>sociis</span> <span class='ocrx_word' id='word_1_210' title='bbox 798 1443 891 1490; x_wconf 76' lang='lat' dir='ltr'>suis,</span> <span class='ocrx_word' id='word_1_211' title='bbox 914 1444 995 1481; x_wconf 82' lang='lat' dir='ltr'>ibid.</span> <span class='ocrx_word' id='word_1_212' title='bbox 1023 1442 1108 1481; x_wconf 88' lang='lat' dir='ltr'>sunt</span> <span class='ocrx_word' id='word_1_213' title='bbox 1133 1441 1338 1493; x_wconf 82' lang='lat' dir='ltr'>persimiles</span> <span class='ocrx_word' id='word_1_214' title='bbox 1369 1443 1449 1483; x_wconf 44' lang='lat' dir='ltr'>Ro*</span> 
     </span>
     <span class='ocr_line' id='line_1_25' title="bbox 219 1496 1448 1547; baseline -0.004 -6"><span class='ocrx_word' id='word_1_215' title='bbox 219 1502 344 1541; x_wconf 79' lang='lat' dir='ltr'>manis</span> <span class='ocrx_word' id='word_1_216' title='bbox 367 1502 404 1538; x_wconf 91' lang='lat' dir='ltr'>in</span> <span class='ocrx_word' id='word_1_217' title='bbox 431 1500 542 1538; x_wconf 88' lang='lat' dir='ltr'>rebus</span> <span class='ocrx_word' id='word_1_218' title='bbox 580 1498 727 1537; x_wconf 85' lang='lat' dir='ltr'>bellicis</span> <span class='ocrx_word' id='word_1_219' title='bbox 759 1498 794 1535; x_wconf 85' lang='lat'>8.</span> <span class='ocrx_word' id='word_1_220' title='bbox 820 1496 996 1547; x_wconf 88' lang='lat' dir='ltr'>proelium</span> <span class='ocrx_word' id='word_1_221' title='bbox 1023 1508 1130 1535; x_wconf 83' lang='lat' dir='ltr'>atrox</span> <span class='ocrx_word' id='word_1_222' title='bbox 1167 1498 1262 1535; x_wconf 83' lang='lat' dir='ltr'>inter</span> <span class='ocrx_word' id='word_1_223' title='bbox 1290 1497 1448 1537; x_wconf 79' lang='lat' dir='ltr'>Latinos</span> 
     </span>
     <span class='ocr_line' id='line_1_26' title="bbox 223 1550 1448 1608; baseline -0.005 -13"><span class='ocrx_word' id='word_1_224' title='bbox 223 1559 257 1596; x_wconf 59' lang='grc' dir='ltr'>ἃ</span> <span class='ocrx_word' id='word_1_225' title='bbox 276 1556 470 1608; x_wconf 68' lang='lat' dir='ltr'>‚Romanos</span> <span class='ocrx_word' id='word_1_226' title='bbox 492 1567 528 1604; x_wconf 85' lang='lat'>9.</span> <span class='ocrx_word' id='word_1_227' title='bbox 557 1554 762 1590; x_wconf 85' lang='lat' dir='ltr'>vincuntur</span> <span class='ocrx_word' id='word_1_228' title='bbox 779 1551 903 1590; x_wconf 86' lang='lat' dir='ltr'>Latini</span> <span class='ocrx_word' id='word_1_229' title='bbox 925 1564 983 1589; x_wconf 92' lang='lat'>10.</span> <span class='ocrx_word' id='word_1_230' title='bbox 1014 1550 1245 1590; x_wconf 53' lang='lat' dir='ltr'>mulctantur</span> <span class='ocrx_word' id='word_1_231' title='bbox 1266 1564 1354 1603; x_wconf 84' lang='lat' dir='ltr'>agro</span> <span class='ocrx_word' id='word_1_232' title='bbox 1388 1564 1448 1596; x_wconf 66' lang='lat'>11,</span> 
     </span>
     <span class='ocr_line' id='line_1_27' title="bbox 221 1605 1449 1654; baseline -0.006 -5"><span class='ocrx_word' id='word_1_233' title='bbox 221 1608 448 1650; x_wconf 83' lang='lat' dir='ltr'>rebellantes</span> <span class='ocrx_word' id='word_1_234' title='bbox 483 1608 698 1645; x_wconf 77' lang='lat' dir='ltr'>funduntur</span> <span class='ocrx_word' id='word_1_235' title='bbox 738 1619 796 1644; x_wconf 90' lang='lat'>12.</span> <span class='ocrx_word' id='word_1_236' title='bbox 835 1606 873 1642; x_wconf 89' lang='lat' dir='ltr'>in</span> <span class='ocrx_word' id='word_1_237' title='bbox 900 1605 1137 1642; x_wconf 82' lang='lat' dir='ltr'>deditionem</span> <span class='ocrx_word' id='word_1_238' title='bbox 1180 1606 1449 1654; x_wconf 72' lang='lat' dir='ltr'>accipiuntur,</span> 
     </span>
     <span class='ocr_line' id='line_1_28' title="bbox 221 1658 1454 1710; baseline -0.004 -9"><span class='ocrx_word' id='word_1_239' title='bbox 221 1665 309 1702; x_wconf 81' lang='lat' dir='ltr'>ibid.</span> <span class='ocrx_word' id='word_1_240' title='bbox 337 1663 554 1701; x_wconf 71' lang='lat' dir='ltr'>Latinorum</span> <span class='ocrx_word' id='word_1_241' title='bbox 588 1660 702 1699; x_wconf 86' lang='lat' dir='ltr'>status</span> <span class='ocrx_word' id='word_1_242' title='bbox 737 1658 870 1697; x_wconf 79' lang='lat' dir='ltr'>infelix</span> <span class='ocrx_word' id='word_1_243' title='bbox 908 1671 966 1710; x_wconf 81' lang='lat'>13.</span> <span class='ocrx_word' id='word_1_244' title='bbox 999 1658 1159 1698; x_wconf 68' lang='lat' dir='ltr'>subactis</span> <span class='ocrx_word' id='word_1_245' title='bbox 1193 1660 1236 1697; x_wconf 89' lang='lat' dir='ltr'>iis</span> <span class='ocrx_word' id='word_1_246' title='bbox 1260 1659 1360 1707; x_wconf 58' lang='lat' dir='ltr'>leges</span> <span class='ocrx_word' id='word_1_247' title='bbox 1389 1659 1454 1697; x_wconf 84' lang='lat' dir='ltr'>di-</span> 
     </span>
     <span class='ocr_line' id='line_1_29' title="bbox 220 1712 1463 1762; baseline -0.003 -7"><span class='ocrx_word' id='word_1_248' title='bbox 220 1726 314 1756; x_wconf 87' lang='lat' dir='ltr'>cunt</span> <span class='ocrx_word' id='word_1_249' title='bbox 346 1716 537 1762; x_wconf 82' lang='lat' dir='ltr'>Romani,</span> <span class='ocrx_word' id='word_1_250' title='bbox 562 1716 646 1753; x_wconf 83' lang='lat' dir='ltr'>ibid.</span> <span class='ocrx_word' id='word_1_251' title='bbox 676 1716 710 1753; x_wconf 65' lang='grc' dir='ltr'>δ’</span> <span class='ocrx_word' id='word_1_252' title='bbox 739 1727 797 1762; x_wconf 89' lang='lat'>14.</span> <span class='ocrx_word' id='word_1_253' title='bbox 827 1725 848 1751; x_wconf 91' lang='lat' dir='ltr'>e</span> <span class='ocrx_word' id='word_1_254' title='bbox 873 1712 1014 1752; x_wconf 74' lang='lat' dir='ltr'>Latinis</span> <span class='ocrx_word' id='word_1_255' title='bbox 1042 1713 1209 1752; x_wconf 87' lang='lat' dir='ltr'>Romani</span> <span class='ocrx_word' id='word_1_256' title='bbox 1234 1714 1282 1751; x_wconf 87' lang='lat' dir='ltr'>ad</span> <span class='ocrx_word' id='word_1_257' title='bbox 1308 1714 1463 1752; x_wconf 50' lang='lat' dir='ltr'>exercir</span> 
     </span>
     <span class='ocr_line' id='line_1_30' title="bbox 221 1765 1455 1818; baseline -0.006 -8"><span class='ocrx_word' id='word_1_258' title='bbox 221 1783 282 1810; x_wconf 83' lang='lat' dir='ltr'>tus</span> <span class='ocrx_word' id='word_1_259' title='bbox 314 1771 401 1810; x_wconf 78' lang='lat' dir='ltr'>suos</span> <span class='ocrx_word' id='word_1_260' title='bbox 437 1768 597 1807; x_wconf 80' lang='lat' dir='ltr'>alterum</span> <span class='ocrx_word' id='word_1_261' title='bbox 626 1777 774 1807; x_wconf 86' lang='lat' dir='ltr'>tantum</span> <span class='ocrx_word' id='word_1_262' title='bbox 802 1766 1035 1815; x_wconf 66' lang='lat' dir='ltr'>adjiciebant</span> <span class='ocrx_word' id='word_1_263' title='bbox 1064 1767 1087 1805; x_wconf 88' lang='lat'>8</span> <span class='ocrx_word' id='word_1_264' title='bbox 1107 1798 1117 1813; x_wconf 89' lang='lat'>‚</span> <span class='ocrx_word' id='word_1_265' title='bbox 1146 1766 1183 1804; x_wconf 88' lang='lat'>8.</span> <span class='ocrx_word' id='word_1_266' title='bbox 1212 1767 1260 1818; x_wconf 84' lang='lat' dir='ltr'>cf.</span> <span class='ocrx_word' id='word_1_267' title='bbox 1284 1765 1319 1803; x_wconf 68' lang='grc' dir='ltr'>δ’</span> <span class='ocrx_word' id='word_1_268' title='bbox 1342 1782 1379 1814; x_wconf 85' lang='lat'>4.</span> <span class='ocrx_word' id='word_1_269' title='bbox 1405 1775 1455 1806; x_wconf 75' lang='lat' dir='ltr'>ex</span> 
     </span>
     <span class='ocr_line' id='line_1_31' title="bbox 224 1816 1452 1873; baseline -0.005 -10"><span class='ocrx_word' id='word_1_270' title='bbox 224 1826 270 1865; x_wconf 87' lang='lat' dir='ltr'>iis</span> <span class='ocrx_word' id='word_1_271' title='bbox 300 1816 473 1862; x_wconf 78' lang='lat' dir='ltr'>senatum</span> <span class='ocrx_word' id='word_1_272' title='bbox 506 1821 757 1873; x_wconf 90' lang='lat' dir='ltr'>supplendum</span> <span class='ocrx_word' id='word_1_273' title='bbox 792 1820 921 1858; x_wconf 85' lang='lat' dir='ltr'>censet</span> <span class='ocrx_word' id='word_1_274' title='bbox 962 1821 1024 1870; x_wconf 89' lang='lat' dir='ltr'>Sp.</span> <span class='ocrx_word' id='word_1_275' title='bbox 1053 1819 1240 1859; x_wconf 78' lang='lat' dir='ltr'>Carvilius</span> <span class='ocrx_word' id='word_1_276' title='bbox 1275 1834 1348 1873; x_wconf 85' lang='lat'>23,</span> <span class='ocrx_word' id='word_1_277' title='bbox 1388 1834 1452 1858; x_wconf 85' lang='lat'>22.</span> 
     </span>
     <span class='ocr_line' id='line_1_32' title="bbox 224 1874 1457 1928; baseline -0.004 -11"><span class='ocrx_word' id='word_1_278' title='bbox 224 1877 376 1925; x_wconf 86' lang='lat' dir='ltr'>Latini,</span> <span class='ocrx_word' id='word_1_279' title='bbox 402 1877 466 1928; x_wconf 84' lang='lat' dir='ltr'>qui</span> <span class='ocrx_word' id='word_1_280' title='bbox 491 1877 655 1917; x_wconf 85' lang='lat' dir='ltr'>Romam</span> <span class='ocrx_word' id='word_1_281' title='bbox 684 1876 1007 1924; x_wconf 77' lang='lat' dir='ltr'>commigrarant,</span> <span class='ocrx_word' id='word_1_282' title='bbox 1033 1875 1213 1921; x_wconf 86' lang='lat' dir='ltr'>jubentur</span> <span class='ocrx_word' id='word_1_283' title='bbox 1237 1874 1360 1913; x_wconf 85' lang='lat' dir='ltr'>redire</span> <span class='ocrx_word' id='word_1_284' title='bbox 1385 1875 1457 1912; x_wconf 72' lang='lat' dir='ltr'>do·</span> 
     </span>
     <span class='ocr_line' id='line_1_33' title="bbox 225 1928 1459 1986; baseline -0.004 -14"><span class='ocrx_word' id='word_1_285' title='bbox 225 1945 333 1972; x_wconf 87' lang='lat' dir='ltr'>mum</span> <span class='ocrx_word' id='word_1_286' title='bbox 363 1946 436 1986; x_wconf 86' lang='lat'>39,</span> <span class='ocrx_word' id='word_1_287' title='bbox 470 1944 502 1983; x_wconf 82' lang='lat'>3.</span> <span class='ocrx_word' id='word_1_288' title='bbox 527 1943 659 1969; x_wconf 88' lang='lat' dir='ltr'>eorum</span> <span class='ocrx_word' id='word_1_289' title='bbox 687 1930 847 1980; x_wconf 84' lang='lat' dir='ltr'>querelae</span> <span class='ocrx_word' id='word_1_290' title='bbox 873 1930 912 1967; x_wconf 85' lang='lat' dir='ltr'>in</span> <span class='ocrx_word' id='word_1_291' title='bbox 935 1928 1067 1967; x_wconf 82' lang='lat' dir='ltr'>senatu</span> <span class='ocrx_word' id='word_1_292' title='bbox 1092 1942 1169 1977; x_wconf 84' lang='lat'>41,</span> <span class='ocrx_word' id='word_1_293' title='bbox 1195 1942 1251 1966; x_wconf 84' lang='lat'>12.</span> <span class='ocrx_word' id='word_1_294' title='bbox 1274 1928 1322 1966; x_wconf 91' lang='lat' dir='ltr'>de</span> <span class='ocrx_word' id='word_1_295' title='bbox 1348 1928 1459 1967; x_wconf 72' lang='lat' dir='ltr'>Lati-</span> 
     </span>
     <span class='ocr_line' id='line_1_34' title="bbox 227 1986 561 2037; baseline 0 -12"><span class='ocrx_word' id='word_1_296' title='bbox 227 1988 284 2025; x_wconf 86' lang='lat' dir='ltr'>nis</span> <span class='ocrx_word' id='word_1_297' title='bbox 307 1986 369 2024; x_wconf 87' lang='lat' dir='ltr'>lex</span> <span class='ocrx_word' id='word_1_298' title='bbox 397 1986 473 2024; x_wconf 83' lang='lat' dir='ltr'>lata</span> <span class='ocrx_word' id='word_1_299' title='bbox 505 1998 561 2037; x_wconf 85' lang='lat'>13.</span> 
     </span>
    </p>

    <p class='ocr_par' dir='ltr' id='par_1_4' title="bbox 175 2035 1464 2197">
     <span class='ocr_line' id='line_1_35' title="bbox 175 2035 1461 2086; baseline -0.005 -6"><span class='ocrx_word' id='word_1_300' title='bbox 175 2042 328 2080; x_wconf 75' lang='lat' dir='ltr'>Latinus</span> <span class='ocrx_word' id='word_1_301' title='bbox 351 2052 415 2079; x_wconf 80' lang='lat' dir='ltr'>rex</span> <span class='ocrx_word' id='word_1_302' title='bbox 441 2047 624 2086; x_wconf 83' lang='lat' dir='ltr'>armatus,</span> <span class='ocrx_word' id='word_1_303' title='bbox 645 2038 694 2078; x_wconf 84' lang='lat' dir='ltr'>ad</span> <span class='ocrx_word' id='word_1_304' title='bbox 717 2037 922 2077; x_wconf 86' lang='lat' dir='ltr'>arcendam</span> <span class='ocrx_word' id='word_1_305' title='bbox 947 2038 1025 2075; x_wconf 85' lang='lat' dir='ltr'>vim</span> <span class='ocrx_word' id='word_1_306' title='bbox 1045 2036 1278 2075; x_wconf 74' lang='lat' dir='ltr'>advenarum</span> <span class='ocrx_word' id='word_1_307' title='bbox 1295 2067 1306 2083; x_wconf 93' lang='lat'>‚</span> <span class='ocrx_word' id='word_1_308' title='bbox 1330 2035 1461 2077; x_wconf 79' lang='lat' dir='ltr'>AEneae</span> 
     </span>
     <span class='ocr_line' id='line_1_36' title="bbox 230 2091 1464 2143; baseline -0.002 -11"><span class='ocrx_word' id='word_1_309' title='bbox 230 2095 396 2132; x_wconf 86' lang='lat' dir='ltr'>occurrit</span> <span class='ocrx_word' id='word_1_310' title='bbox 416 2108 429 2132; x_wconf 93' lang='lat'>1</span> <span class='ocrx_word' id='word_1_311' title='bbox 449 2124 459 2141; x_wconf 81' lang='lat'>,</span> <span class='ocrx_word' id='word_1_312' title='bbox 488 2107 519 2131; x_wconf 94' lang='lat'>1.</span> <span class='ocrx_word' id='word_1_313' title='bbox 544 2106 679 2143; x_wconf 88' lang='lat' dir='ltr'>pacem</span> <span class='ocrx_word' id='word_1_314' title='bbox 697 2105 785 2131; x_wconf 88' lang='lat' dir='ltr'>cum</span> <span class='ocrx_word' id='word_1_315' title='bbox 802 2093 945 2139; x_wconf 84' lang='lat' dir='ltr'>AEnea,</span> <span class='ocrx_word' id='word_1_316' title='bbox 966 2091 1106 2130; x_wconf 89' lang='lat' dir='ltr'>deinde</span> <span class='ocrx_word' id='word_1_317' title='bbox 1130 2091 1352 2130; x_wconf 77' lang='lat' dir='ltr'>affinitatem</span> <span class='ocrx_word' id='word_1_318' title='bbox 1369 2103 1464 2130; x_wconf 86' lang='lat' dir='ltr'>cum</span> 
     </span>
     <span class='ocr_line' id='line_1_37' title="bbox 231 2144 1213 2197; baseline -0.002 -11"><span class='ocrx_word' id='word_1_319' title='bbox 231 2160 278 2186; x_wconf 87' lang='lat' dir='ltr'>eo</span> <span class='ocrx_word' id='word_1_320' title='bbox 298 2147 449 2197; x_wconf 78' lang='lat' dir='ltr'>jungit,</span> <span class='ocrx_word' id='word_1_321' title='bbox 472 2148 557 2185; x_wconf 85' lang='lat' dir='ltr'>data</span> <span class='ocrx_word' id='word_1_322' title='bbox 580 2147 613 2185; x_wconf 91' lang='lat' dir='ltr'>ei</span> <span class='ocrx_word' id='word_1_323' title='bbox 634 2147 674 2185; x_wconf 91' lang='lat' dir='ltr'>in</span> <span class='ocrx_word' id='word_1_324' title='bbox 697 2147 982 2185; x_wconf 87' lang='lat' dir='ltr'>matrimonium</span> <span class='ocrx_word' id='word_1_325' title='bbox 1008 2144 1106 2193; x_wconf 86' lang='lat' dir='ltr'>filia,</span> <span class='ocrx_word' id='word_1_326' title='bbox 1128 2147 1213 2184; x_wconf 73' lang='lat' dir='ltr'>ibid.</span> 
     </span>
    </p>

    <p class='ocr_par' dir='ltr' id='par_1_5' title="bbox 181 2200 861 2251">
     <span class='ocr_line' id='line_1_38' title="bbox 181 2200 861 2251; baseline -0.004 -10"><span class='ocrx_word' id='word_1_327' title='bbox 181 2203 335 2241; x_wconf 73' lang='lat' dir='ltr'>Latinus</span> <span class='ocrx_word' id='word_1_328' title='bbox 361 2202 499 2238; x_wconf 81' lang='lat' dir='ltr'>Silvius</span> <span class='ocrx_word' id='word_1_329' title='bbox 515 2232 526 2249; x_wconf 90' lang='lat'>‚</span> <span class='ocrx_word' id='word_1_330' title='bbox 551 2200 651 2240; x_wconf 81' lang='lat' dir='ltr'>Albae</span> <span class='ocrx_word' id='word_1_331' title='bbox 673 2213 739 2239; x_wconf 80' lang='lat' dir='ltr'>rex</span> <span class='ocrx_word' id='word_1_332' title='bbox 765 2214 779 2238; x_wconf 94' lang='lat'>1</span> <span class='ocrx_word' id='word_1_333' title='bbox 799 2231 810 2248; x_wconf 93' lang='lat'>‚</span> <span class='ocrx_word' id='word_1_334' title='bbox 830 2213 861 2251; x_wconf 86' lang='lat'>3.</span> 
     </span>
    </p>

    <p class='ocr_par' dir='ltr' id='par_1_6' title="bbox 181 2250 1465 2361">
     <span class='ocr_line' id='line_1_39' title="bbox 181 2250 1465 2304; baseline -0.002 -12"><span class='ocrx_word' id='word_1_335' title='bbox 181 2256 326 2301; x_wconf 81' lang='lat' dir='ltr'>Latium</span> <span class='ocrx_word' id='word_1_336' title='bbox 361 2254 544 2292; x_wconf 82' lang='lat' dir='ltr'>Romanis</span> <span class='ocrx_word' id='word_1_337' title='bbox 573 2254 785 2304; x_wconf 61' lang='lat' dir='ltr'>suspeftum</span> <span class='ocrx_word' id='word_1_338' title='bbox 817 2254 862 2301; x_wconf 84' lang='lat'>6,</span> <span class='ocrx_word' id='word_1_339' title='bbox 889 2266 950 2292; x_wconf 84' lang='lat'>21.</span> <span class='ocrx_word' id='word_1_340' title='bbox 981 2252 1079 2293; x_wconf 84' lang='lat' dir='ltr'>Latii</span> <span class='ocrx_word' id='word_1_341' title='bbox 1103 2252 1219 2291; x_wconf 83' lang='lat' dir='ltr'>status</span> <span class='ocrx_word' id='word_1_342' title='bbox 1248 2250 1385 2291; x_wconf 78' lang='lat' dir='ltr'>infelix</span> <span class='ocrx_word' id='word_1_343' title='bbox 1413 2251 1465 2301; x_wconf 65' lang='lat'>82¹</span> 
     </span>
     <span class='ocr_line' id='line_1_40' title="bbox 243 2307 839 2361; baseline -0.003 -14"><span class='ocrx_word' id='word_1_344' title='bbox 243 2322 301 2361; x_wconf 86' lang='lat'>13.</span> <span class='ocrx_word' id='word_1_345' title='bbox 331 2307 482 2348; x_wconf 83' lang='lat' dir='ltr'>Latium</span> <span class='ocrx_word' id='word_1_346' title='bbox 510 2307 730 2355; x_wconf 64' lang='lat' dir='ltr'>subactum,</span> <span class='ocrx_word' id='word_1_347' title='bbox 752 2309 839 2345; x_wconf 82' lang='lat' dir='ltr'>ibid.</span> 
     </span>
    </p>

    <p class='ocr_par' dir='ltr' id='par_1_7' title="bbox 180 2359 1467 2470">
     <span class='ocr_line' id='line_1_41' title="bbox 180 2359 1467 2413; baseline -0.001 -11"><span class='ocrx_word' id='word_1_348' title='bbox 180 2365 324 2403; x_wconf 78' lang='lat' dir='ltr'>Latona</span> <span class='ocrx_word' id='word_1_349' title='bbox 358 2375 373 2413; x_wconf 90' lang='lat'><em>5</em></span> <span class='ocrx_word' id='word_1_350' title='bbox 394 2393 405 2408; x_wconf 93' lang='lat'>‚</span> <span class='ocrx_word' id='word_1_351' title='bbox 436 2374 493 2413; x_wconf 84' lang='lat'>13.</span> <span class='ocrx_word' id='word_1_352' title='bbox 525 2362 682 2401; x_wconf 82' lang='lat' dir='ltr'>Latonae</span> <span class='ocrx_word' id='word_1_353' title='bbox 708 2362 807 2401; x_wconf 89' lang='lat' dir='ltr'>bove</span> <span class='ocrx_word' id='word_1_354' title='bbox 828 2361 971 2400; x_wconf 81' lang='lat' dir='ltr'>femina</span> <span class='ocrx_word' id='word_1_355' title='bbox 993 2370 1121 2400; x_wconf 83' lang='lat' dir='ltr'>aurata</span> <span class='ocrx_word' id='word_1_356' title='bbox 1148 2359 1295 2398; x_wconf 85' lang='lat' dir='ltr'>sacrum</span> <span class='ocrx_word' id='word_1_357' title='bbox 1316 2359 1467 2401; x_wconf 52' lang='lat' dir='ltr'>facium</span> 
     </span>
     <span class='ocr_line' id='line_1_42' title="bbox 240 2429 408 2470; baseline 0 -16"><span class='ocrx_word' id='word_1_358' title='bbox 240 2431 286 2470; x_wconf 87' lang='lat'>25</span> <span class='ocrx_word' id='word_1_359' title='bbox 305 2447 317 2464; x_wconf 88' lang='lat'>.,</span> <span class='ocrx_word' id='word_1_360' title='bbox 352 2429 408 2454; x_wconf 82' lang='lat'>12.</span> 
     </span>
    </p>

    <p class='ocr_par' dir='ltr' id='par_1_8' title="bbox 180 2465 1321 2521">
     <span class='ocr_line' id='line_1_43' title="bbox 180 2465 1321 2521; baseline -0.005 -10"><span class='ocrx_word' id='word_1_361' title='bbox 180 2471 377 2515; x_wconf 78' lang='lat' dir='ltr'>Latrones,</span> <span class='ocrx_word' id='word_1_362' title='bbox 397 2469 446 2508; x_wconf 85' lang='lat' dir='ltr'>ad</span> <span class='ocrx_word' id='word_1_363' title='bbox 466 2470 543 2508; x_wconf 83' lang='lat' dir='ltr'>duo</span> <span class='ocrx_word' id='word_1_364' title='bbox 572 2468 714 2517; x_wconf 85' lang='lat' dir='ltr'>millia,</span> <span class='ocrx_word' id='word_1_365' title='bbox 741 2469 781 2507; x_wconf 88' lang='lat' dir='ltr'>in</span> <span class='ocrx_word' id='word_1_366' title='bbox 802 2468 982 2521; x_wconf 81' lang='lat' dir='ltr'>spelunca</span> <span class='ocrx_word' id='word_1_367' title='bbox 998 2465 1161 2519; x_wconf 75' lang='lat' dir='ltr'>oppteffi</span> <span class='ocrx_word' id='word_1_368' title='bbox 1191 2480 1259 2513; x_wconf 70' lang='grc' dir='ltr'>ιο,</span> <span class='ocrx_word' id='word_1_369' title='bbox 1287 2479 1321 2511; x_wconf 58' lang='grc' dir='ltr'>ι,</span> 
     </span>
    </p>
   </div>
   <div class='ocr_carea' id='block_1_3' title="bbox 260 2519 748 2599">
    <p class='ocr_par' dir='ltr' id='par_1_9' title="bbox 260 2519 748 2599">
     <span class='ocr_line' id='line_1_44' title="bbox 260 2519 748 2599; baseline 0.002 -24"><span class='ocrx_word' id='word_1_370' title='bbox 260 2529 312 2599; x_wconf 64' lang='grc' dir='ltr'>Τ.</span> <span class='ocrx_word' id='word_1_371' title='bbox 344 2529 439 2575; x_wconf 68' lang='lat' dir='ltr'>Liv.</span> <span class='ocrx_word' id='word_1_372' title='bbox 472 2530 570 2575; x_wconf 93' lang='lat' dir='ltr'>Vol.</span> <span class='ocrx_word' id='word_1_373' title='bbox 606 2519 748 2576; x_wconf 78' lang='lat' dir='ltr'><em>XIII.</em></span> 
     </span>
    </p>
   </div>
  </div>
 </body>
</html>
