1638 2755
366 134 944 185 HISTORIARUM
986 132 1294 180 LIBROS.

250 247 485 294 ionenfibus,
512 243 771 294 Astapenfibus
796 253 960 294 19—23.
987 240 1077 278 dum
1109 241 1208 289 gravi
1238 239 1372 279 morbo
1394 239 1465 278 im«¹

250 302 405 352 plicitus
443 298 658 345 decumbit,
690 296 823 336 seditio
852 295 890 333 in
919 294 1042 332 castris
1076 295 1123 331 ad
1162 295 1368 333 Sucronem
1398 293 1472 332 ori-

250 365 333 402 tur,
361 367 474 404 quam
498 353 680 401 sanguine
709 349 861 399 triginta
886 348 1050 398 quinque
1076 348 1240 385 maxime
1267 349 1472 386 noxiorum

252 409 396 458 expiat.
415 411 449 447 ὁὶ
483 406 609 455 placat
635 417 801 455 24—29.
834 402 1090 442 Mandonium
1121 404 1154 440 ὅ(
1184 400 1388 439 Indibilem
1420 413 1476 438 re-
1508 442 1510 448 y

253 462 440 501 bellantes
467 454 587 498 vincit
618 472 726 511 32—
747 470 804 504 34.
846 455 1101 502 Mamiliam,
1137 453 1263 492 secum
1304 453 1477 503 congres-

252 516 358 564 sum,
386 514 453 553 fibi
487 516 521 552 &
545 510 689 561 populo
723 510 834 549 Rom.
867 509 1045 547 conciliat
1084 520 1143 562 35.
1168 507 1332 547 Romam
1356 508 1476 556 redit,

255 572 316 616 ἃ,
343 575 488 606 tentata
514 567 633 615 magis
661 564 723 614 spe
750 562 959 613 triumphi,
989 575 1103 612 quam
1137 561 1251 610 petita
1278 562 1481 611 pertinaci·

253 631 333 670 ter,
353 620 428 660 cos.
448 628 594 658 creatur
618 618 679 672 38.
716 618 842 656 Africa
864 619 898 655 ei
926 617 1121 666 provincia
1151 615 1478 662 destinatur,ibid.

253 677 363 726 super
391 687 435 712 ea
463 686 502 711 re
524 675 605 721 ejus
640 673 675 711 &
701 670 809 710 Fabii
845 672 1043 709 contrariae
1069 669 1259 708 orationes
1287 683 1479 716 40—44‚

254 731 294 768 in
316 728 481 768 Siciliam
504 724 752 776 proficiscitur
776 725 840 772 46.
872 733 1063 762 trecentos
1095 725 1249 771 juvenes
1276 723 1387 761 Rom.
1416 723 1480 760 de·-

253 783 339 832 ligit
358 811 370 829 ,
389 793 483 831 quos
517 779 730 819 Siculorum
761 778 923 817 totidem
952 777 1066 815 armis
1091 778 1126 816 δε
1152 777 1257 826 equis
1280 784 1389 814 ornat
1417 789 1481 827 29,

260 849 291 874 1.
324 848 381 874 res
407 833 545 874 Siciliae
575 834 804 881 componit,
826 833 912 869 ibid.
950 831 1091 870 Locros
1121 829 1344 876 advehitur,
1367 838 1482 879 atque

253 889 310 928 ibi
333 891 385 938 Q.
409 887 632 927 Pleminium
662 885 829 935 legatum
859 884 1037 933 relinquit
1058 898 1084 933 7
1113 886 1146 922 ἃ·
1171 883 1207 922 8.
1232 883 1320 921 hinc
1353 883 1482 921 crimi-

254 956 303 982 na
333 944 373 980 in
396 943 613 991 Scipionem
647 952 704 991 19.
738 939 871 987 rebus,
901 951 979 976 non
1007 938 1157 985 verbis,
1178 936 1216 975 se
1256 945 1391 986 purgat
1417 950 1481 977 22.

256 997 444 1047 profectio
474 996 555 1044 ejus
587 995 626 1031 in
660 992 824 1031 Africam
859 1005 1045 1042 24—-27,
1073 994 1155 1039 ejus
1190 1003 1249 1028 res
1276 992 1382 1039 gestae
1413 989 1477 1036 28,

258 1065 324 1104 29,
345 1051 380 1088 δ’
409 1062 469 1103 33,
498 1061 556 1102 35.
585 1047 751 1085 victoriae
772 1047 819 1084 de
842 1044 1017 1095 Syphace
1041 1046 1076 1083 8(
1105 1043 1338 1083 Hasdrubale
1362 1056 1432 1095 30,
1458 1058 1479 1096 3

258 1119 345 1156 -9.
371 1104 492 1141 oratio
518 1104 599 1150 ejus
623 1101 673 1138 ad
701 1099 931 1139 Mafiniffam
963 1100 1010 1137 de
1033 1097 1274 1148 Sophonisba
1303 1111 1359 1145 14.
1391 1107 1481 1137 cum

258 1157 476 1197 Hannibale
510 1158 550 1193 in
583 1153 819 1203 colloquium
850 1152 1094 1202 congreditur
1132 1165 1238 1204 29-
1258 1165 1318 1202 31·
1359 1150 1483 1189 vincit

260 1210 518 1251 Hannibalem
562 1221 743 1261 32—35.
775 1205 1043 1256 Carthaginem
1079 1206 1174 1255 petit
1212 1207 1267 1255 36.
1306 1205 1353 1242 ad
1390 1217 1480 1243 eum

258 1263 375 1313 legati
402 1261 844 1312 Carthaginienses,ibsd.
865 1260 1110 1299 conditiones
1133 1260 1236 1309 pacis
1262 1271 1284 1296 a
1301 1258 1480 1305 Scipione

259 1318 371 1356 dictae
399 1332 459 1371 37.
489 1316 640 1365 jubetur
662 1329 683 1354 a
709 1315 851 1364 populo
886 1327 1020 1365 pacem
1048 1314 1136 1352 dare
1164 1311 1477 1361 Carthaginiensi-

261 1371 333 1409 bus
366 1384 429 1423 43.
466 1383 532 1409 cur
555 1382 633 1408 non
659 1369 777 1407 exitio
809 1367 1047 1417 Carthaginis
1071 1366 1216 1405 bellum
1241 1365 1383 1404 finierit
1413 1380 1481 1413 44.

259 1424 424 1465 Romam
461 1424 583 1470 redit,
607 1421 838 1471 triumphat,
873 1424 908 1461 ἅ
948 1421 1114 1461 Africani
1147 1432 1364 1469 cognomen
1393 1419 1484 1458 asci-

261 1478 330 1517 scit
362 1492 426 1531 45.
462 1488 610 1515 creatur
642 1474 785 1516 censor.
814 1489 885 1526 322
906 1488 943 1524 7.
969 1487 1100 1524 parum
1129 1486 1174 1512 ex
1200 1475 1385 1523 dignitate
1413 1485 1482 1522 po-

260 1531 342 1582 puli
374 1532 487 1570 Rom.
514 1529 586 1569 ess'e
621 1530 750 1575 ducit,
780 1528 1036 1568 Hannibalem
1064 1527 1251 1578 pervicaci
1280 1527 1371 1565 odio
1392 1539 1482 1576 per-

259 1585 363 1635 sequi
395 1597 454 1636 33,
472 1598 534 1634 47.
561 1583 637 1622 cos.
658 1585 793 1622 iterum
821 1596 868 1633 34
884 1613 895 1629 ,
918 1597 982 1631 42.
1001 1583 1177 1632 princeps
1192 1580 1342 1619 leuatus
1363 1579 1484 1619 lectus

260 1655 327 1688 44.
355 1638 499 1688 legatus
524 1639 686 1676 mittitur
703 1637 744 1675 in
767 1636 934 1676 Africam
955 1637 1018 1676 62.
1043 1637 1125 1684 ejus
1148 1647 1238 1673 cum
1268 1634 1484 1674 Hannibale

260 1691 499 1741 colloquium
530 1704 596 1743 35,
633 1705 689 1739 ¹4·
716 1689 753 1728 se
784 1690 949 1740 legatum
980 1701 1069 1728 cum
1094 1689 1207 1727 fratre
1231 1691 1272 1726 in
1296 1689 1483 1727 Graeciam

257 1746 398 1785 iturum
428 1744 632 1796 pollicetur
656 1757 725 1796 37,
759 1757 791 1782 1.
828 1744 1013 1782 fornicem
1047 1745 1088 1781 in
1107 1741 1298 1792 Capitolio
1326 1753 1414 1780 cum
1442 1742 1484 1779 si-

259 1801 343 1849 gnis
379 1799 523 1849 septem
558 1799 718 1847 auratis,
747 1798 897 1836 duobus
917 1798 1056 1847 equis,
1083 1799 1119 1836 &
1153 1808 1364 1835 marmorea
1403 1796 1481 1834 duo

259 1853 364 1892 labra
390 1862 476 1892 ante
506 1852 688 1891 fornicem
715 1852 824 1901 ponit
849 1864 879 1902 3.
910 1853 992 1899 ejus
1015 1851 1064 1889 ad
1087 1850 1273 1897 Prusiam,
1296 1848 1484 1900 Bithyniae

259 1920 388 1957 regem
405 1938 415 1955 ‚
446 1906 588 1953 literae,
618 1906 753 1954 quibus
777 1918 864 1943 eum
889 1906 938 1943 ad
962 1904 1113 1943 consilia
1137 1905 1242 1953 pacis
1258 1913 1411 1942 revocat
1424 1916 1486 1951 25.

258 1961 298 2001 P.
321 1959 515 1999 Cornelius
538 1960 694 2009 Scipio,
711 1959 797 2009 quia
822 1957 943 1998 Salius
969 1967 1068 2006 erat,
1092 1958 1303 2006 disjunctus
1320 1956 1368 1994 ab
1381 1968 1485 1994 exer-

259 2015 340 2053 citu
371 2029 433 2068 33.
459 2015 541 2061 ejus
568 2013 665 2052 filius
699 2014 803 2063 apud
836 2012 1069 2051 Antiochum
1094 2014 1269 2061 captivus
1300 2023 1359 2061 34.
1389 2010 1486 2049 Afri„

262 2069 350 2106 cani
385 2067 554 2106 animum
595 2076 717 2105 tentat
754 2065 899 2116 legatus
939 2065 1118 2105 Antiochi
1160 2067 1221 2118 36.
1260 2063 1484 2113 responsum

260 2121 454 2171 egregium
485 2120 674 2167 Africani,
707 2120 791 2158 ibid.
818 2122 901 2168 ejus
928 2118 1048 2158 filium
1085 2119 1245 2157 remittit
1270 2118 1486 2157 Antiochus

264 2188 327 2227 37.
354 2175 557 2224 respondet
579 2175 714 2224 legatis
738 2173 946 2217 Antiochi,
970 2173 1090 2222 iisque
1121 2172 1324 2222 praescribit
1348 2172 1485 2209 condi·

263 2229 390 2265 tiones
424 2227 529 2276 pacis
553 2242 618 2279 45.
655 2228 828 2277 princeps
853 2227 892 2265 in
921 2226 1052 2265 senatu
1075 2226 1227 2264 tertium
1261 2224 1397 2275 legitur
1422 2224 1486 2274 38„

263 2279 329 2319 28.
348 2279 542 2318 accusatur
566 2293 586 2318 a
614 2281 774 2320 tribunis
797 2280 849 2330 pl.
876 2293 935 2333 50.
958 2279 996 2318 se
1013 2279 1186 2318 defendit
1211 2278 1288 2317 sola
1315 2289 1486 2316 commea

264 2334 478 2372 moratione
509 2345 632 2371 rerum
663 2334 873 2383 gestarum,
898 2335 984 2372 ibid.
1014 2333 1203 2386 populum
1239 2333 1287 2370 ab
1321 2331 1483 2369 tribunis

265 2386 423 2425 abducit
461 2385 585 2424 secum
620 2387 658 2423 in
686 2386 916 2435 Capitolium
950 2387 999 2425 ad
1029 2388 1166 2436 gratias
1200 2385 1281 2424 Diis
1317 2384 1483 2433 agendas

266 2453 337 2491 pro
367 2441 517 2492 egregie
542 2452 564 2480 a
580 2438 617 2480 se
634 2439 732 2490 gesta
753 2439 949 2491 republica
982 2453 1041 2493 51·
1071 2440 1110 2481 in
1128 2439 1363 2482 Literninum
1391 2449 1486 2489 coir}
