1638 2755
306 100 895 150 HISTORIARUM
937 100 1250 147 LIBROS.

183 212 249 261 13.
276 208 491 257 senatores,
519 208 730 260 quibusque
752 208 791 246 in
813 206 943 245 senatu
967 206 1193 247 sententiam
1219 208 1345 246 dicere
1370 207 1412 246 li-

183 272 246 301 cet
273 276 343 314 23,
374 278 435 317 32.
460 264 527 316 36,
548 279 585 318 3.
613 262 756 312 septem
783 262 819 300 &
842 261 979 311 viginti
1000 261 1186 311 Campani
1216 274 1410 300 venenum

184 315 323 356 bibunt
350 319 422 365 26,
448 331 508 366 14.
532 330 554 356 a
586 316 725 356 Fulvio
744 315 862 365 virgis
886 315 968 353 caefi
1001 316 1262 365 percutiuntur
1289 315 1410 354 securi

189 383 204 408 1
237 401 247 411 .

127 383 283 463 'Semirus
303 425 369 464 nisi
389 427 520 464 auctor
543 424 651 463 fieret
666 454 678 470 ,
706 430 833 462 ratum
855 422 928 462 ess'e
944 435 1024 462 non
1049 430 1199 472 poterat
1223 423 1259 462 id
1273 452 1290 469 ,,
1309 411 1415 472 quodi

183 478 354 527 populus
372 478 526 527 Jufferat
560 492 601 525 1,
630 492 687 527 17.
722 478 849 527 postea
875 477 920 515 in
941 477 1144 526 incertum
1161 478 1410 515 comitiorum

182 541 367 574 eventum,
382 534 512 572 auctor
527 531 606 570 fieri
627 532 771 581 coepit,
795 531 877 569 ibid.
918 530 1072 569 senatus.
1091 543 1266 580 quaenam
1287 540 1416 579 partes

182 586 328 624 fuerint
357 587 398 624 in
428 585 578 634 regibus
607 585 782 624 crea-ndis
813 599 855 633 1,
886 598 933 635 17
960 583 995 621 6·
1024 583 1082 623 18.
1112 599 1188 630 22,
1210 598 1258 637 32
1288 586 1322 622 6·
1348 597 1414 631 41.

181 638 331 678 senatus
358 650 379 678 a
396 641 549 688 regibus
573 641 620 678 de
651 638 832 678 omnibus
862 637 1026 688 negotiis
1058 637 1253 677 consultus
1280 651 1295 675 1
1314 667 1326 684 ,
1347 649 1413 690 49.

180 693 230 731 de
255 692 356 732 bello
374 692 581 732 indicendo
611 692 807 732 consultus
841 705 856 730 1
872 723 884 741 ,
910 704 970 744 33.
993 691 1190 739 decernit,
1218 701 1258 730 ut
1280 691 1414 740 adpo-

180 745 316 796 pulum
352 746 492 785 feratur
525 748 574 786 de
601 745 703 786 bello
731 746 941 785 indicendo
969 761 1017 793 4,
1049 744 1109 798 58.
1130 759 1204 799 31,
1238 758 1269 798 5.
1301 748 1347 795 cf.
1374 743 1413 781 ὅ»

180 812 260 851 45,
284 814 343 838 21.
370 802 586 849 provincias
625 799 845 840 consulibus
877 799 1048 838 decernit
1077 813 1143 846 10,
1167 814 1226 847 24.
1260 798 1332 845 28,
1362 797 1412 849 38

181 852 217 890 δ’
240 866 292 902 40
309 856 387 906 sqq.
428 854 478 893 de
502 866 597 904 pace
619 853 795 893 facienda
822 852 1017 894 consultus
1035 852 1080 899 6,
1111 853 1171 892 26.
1203 866 1252 906 30
1269 883 1281 901 ,
1307 866 1356 900 42
1372 851 1408 888 6»

180 919 246 957 43.
279 919 351 958 33,
373 923 434 956 24.
460 923 533 961 37,
555 921 614 961 55.
644 908 717 962 38,
750 922 808 947 10.
826 908 996 947 decernit
1023 905 1261 956 triumphum
1287 918 1328 956 3,
1346 906 1408 945 26.

182 960 260 1008 28,
283 976 317 1014 9.
345 970 458 1012 negat
487 975 557 1008 10,
589 961 640 1013 36
662 963 697 1003 ὃ·
724 975 786 1014 37.
818 962 894 1009 26,
923 974 984 999 21.
1009 960 1085 998 fine
1109 961 1332 998 auftoritate
1355 957 1409 997 se-

181 1022 293 1053 natus
333 1014 611 1065 triumphatum
655 1016 782 1069 3²¹6}-
816 1028 882 1063 10,
917 1027 975 1066 37.
1011 1014 1185 1063 quaedam
1218 1012 1371 1063 negotia
1390 1025 1418 1050 a,

181 1067 220 1106 se
244 1068 292 1107 ad
319 1068 505 1119 populum
532 1069 658 1117 rejicit
683 1083 727 1116 2,
753 1083 812 1117 27.
839 1082 891 1119 7,
919 1081 981 1108 20.
1011 1081 1083 1118 27,
1114 1067 1151 1106 8.
1182 1067 1316 1117 legatis
1346 1079 1414 1116 po‘¹

140 1149 160 1170 0
181 1120 362 1171 pulorum
393 1135 604 1173 regumque
629 1123 694 1161 dat
719 1122 892 1172 responsa
914 1123 962 1170 6,
989 1122 1048 1160 26.
1078 1135 1128 1172 7,
1152 1136 1212 1160 20.
1238 1134 1315 1175 30,
1348 1133 1409 1168 17.

181 1176 304 1214 mittit
325 1175 470 1226 legatos
493 1191 540 1222 2,
574 1190 635 1230 15.
663 1188 730 1227 30,
755 1177 816 1215 26.
844 1191 893 1224 42
909 1207 920 1222 ‚
944 1174 1066 1228 19³&
1086 1175 1171 1212 alibi
1192 1175 1325 1226 paffim.
1352 1173 1413 1213 sc-

183 1238 297 1267 natus
326 1230 524 1269 Romanus
555 1237 733 1280 tanquam
760 1243 891 1280 regum
919 1227 1107 1268 conseffus
1134 1243 1189 1282 9.,
1217 1242 1275 1274 17.
1306 1228 1412 1267 sena-

181 1290 242 1321 tus
268 1284 443 1333 princeps
474 1297 546 1332 11,
575 1297 636 1336 23.
676 1298 748 1333 27,
781 1298 841 1323 11.
881 1282 1029 1322 senatus
1065 1282 1215 1321 habitus
1239 1284 1278 1320 in
1301 1281 1413 1330 Capi-

180 1336 276 1375 tolio
300 1352 346 1390 3,
373 1351 435 1377 21.
461 1337 511 1384 8,
544 1351 574 1390 5.
590 1351 666 1386 24,
694 1351 750 1377 10.
777 1337 850 1385 26,
872 1350 907 1377 1.
931 1336 1007 1382 28,
1032 1336 1089 1387 38.
1112 1351 1186 1390 32,
1209 1335 1244 1375 8.
1271 1335 1411 1375 inaede

181 1389 349 1430 Bellonae
378 1404 449 1443 30,
467 1404 528 1430 21.
552 1404 626 1444 31,
652 1405 714 1441 47,
743 1405 818 1439 41,
846 1404 906 1430 10.
943 1393 985 1428 in
1012 1391 1093 1428 aede
1123 1389 1311 1439 Apollinis
1337 1404 1416 1443 34,

180 1457 245 1495 43.
282 1458 354 1498 39,
381 1459 418 1492 4.
452 1459 528 1492 42,
553 1459 612 1483 21.
641 1445 792 1484 senatus
817 1444 1006 1483 discordia
1035 1444 1133 1489 116,
1158 1444 1219 1495 69.
1256 1443 1413 1484 diversae

181 1498 378 1537 sententia:
396 1512 460 1548 70.
489 1497 646 1542 ‚senatus
673 1508 778 1536 vetat
801 1497 971 1537 consules
1000 1497 1209 1547 quidquam
1239 1510 1309 1547 pro
1340 1498 1414 1536 irn-

181 1552 289 1602 perio
330 1564 443 1602 agere
476 1554 631 1606 96‚23.
666 1553 964 1592 extraordinaria
993 1552 1152 1601 imperia
1185 1550 1286 1589 tollit
1314 1565 1412 1605 119,

184 1605 248 1644 28.

130 1659 470 1711 Serzaztzqfeonfizltum
508 1660 678 1706 factum,
714 1667 757 1698 ut
783 1672 914 1699 omnes
936 1658 1063 1699 Volsci
1089 1659 1221 1698 urbem
1256 1659 1422 1698 excede..

181 1722 291 1759 rent,
323 1727 344 1752 2
362 1744 373 1760 ,
396 1727 455 1765 37.
479 1722 518 1752 ut
546 1714 718 1763 pontiFex
747 1714 936 1752 maximus
964 1714 1139 1752 tribunos
1164 1713 1291 1763 plebis.
1314 1726 1418 1752 crea-

181 1774 242 1805 ret
264 1779 309 1817 3,
341 1781 399 1819 54.
424 1777 467 1810 ut
489 1769 693 1806 decemviri
726 1767 940 1818 magistratu
964 1767 1000 1806 se
1031 1767 1232 1812 abdicent,
1249 1768 1334 1805 ibid.
1360 1766 1414 1804 se-

183 1821 511 1860 natusconsultum
538 1821 695 1860 relatum
729 1823 767 1860 in
792 1821 939 1860 tabulas
964 1838 1013 1869 4,
1050 1835 1107 1860 11.
1136 1831 1176 1860 ut
1199 1821 1410 1859 consularia

188 1875 346 1913 comitia
363 1874 591 1914 haberentur
608 1889 651 1917 2<
671 1875 706 1913 ὁ)
727 1876 783 1925 36.
809 1885 850 1915 ut
864 1876 940 1914 duo
959 1889 1006 1914 ex.
1029 1875 1186 1914 tribunis
1212 1874 1416 1913 consulari-

184 1928 255 1966 bus
270 1929 317 1966 ad
335 1929 475 1967 bellum
495 1929 842 1979 proficiscerentur,
855 1943 950 1968 unus
967 1942 1024 1967 res
1040 1930 1171 1968 Rornae
1189 1940 1336 1967 curaret
1349 1942 1415 1981 45,

183 1982 232 2020 de
250 1983 352 2021 caede
367 1983 542 2023 Postumii
556 1997 609 2034 15.
623 1984 670 2022 de
685 1985 858 2023 creandis
871 1984 1031 2022 tribunis
1046 1983 1154 2022 milit,
1171 1997 1186 2034 5
1200 1996 1230 2035 ς.
1246 1991 1288 2021 ut
1302 1983 1420 2021 tribu-

182 2035 221 2073 ni
238 2036 419 2077 militares
437 2037 628 2086 peditibus
648 2038 915 2088 equitibusque
930 2038 1066 2087 gratias
1087 2036 1241 2086 agerent
1260 2051 1295 2089 ς,
1308 2052 1346 2085 7.
1370 2045 1414 2074 ut:

183 2088 327 2126 tribuni
342 2089 449 2128 milit.
468 2091 506 2140 vse
520 2092 741 2130 abdicarent
758 2092 973 2142 magistra-tu
993 2106 1049 2142 17.
1064 2101 1104 2129 ut
1120 2091 1415 2138 aeriVejentani

187 2141 344 2191 septena
357 2145 484 2190 jugera
503 2145 762 2185 dividerentur
774 2146 878 2195 plebi
900 2159 957 2195 30.
972 2153 1013 2183 ut
1028 2144 1201 2183 consules
1216 2143 1250 2182 se
1264 2144 1418 2182 abdica-

183 2204 270 2234 rent
285 2197 498 2245 magistratu
517 2210 576 2248 31.
589 2198 636 2235 de
651 2199 762 2237 rebus
775 2201 822 2238 ad
838 2199 1062 2249 religionem
1075 2198 1330 2247 specffiantibus
1350 2210 1412 2247 50.

183 2248 509 2287 ,senatusconsulto
532 2253 715 2297 revocati,
738 2256 800 2301 qui
820 2254 935 2302 Vejos
954 2253 1099 2294 iverant
1117 2253 1154 2298 6,
1167 2266 1202 2298 4.
1221 2264 1242 2289 e
1265 2262 1416 2289 carcere

185 2303 347 2342 eductus
379 2303 434 2342 M.
453 2302 622 2342 Manlius
661 2304 718 2343 18.
755 2305 1145 2349 senatusconsultum,
1176 2318 1223 2342 ne
1247 2305 1331 2353 quis
1351 2317 1417 2352 pa-

141 2399 149 2406 ·
186 2357 316 2398 tricius
342 2357 380 2394 in
404 2357 594 2407 Capitolio
621 2356 810 2398 habitaret
845 2372 904 2399 20.
939 2360 986 2398 de
1007 2359 1174 2398 induciis
1199 2359 1239 2396 in
1259 2366 1417 2396 centum

187 2422 308 2453 asinos
337 2410 532 2453 Caeritibus
548 2411 807 2454 concedendis
830 2428 875 2468 7,
892 2427 953 2456 20.
979 2414 1027 2454 de
1048 2412 1188 2452 Latinis
1210 2411 1259 2459 8,
1285 2424 1345 2461 14.
1370 2411 1425 2452 de

1068 2467 1210 2528 Bbq.
