1638 2755
291 146 880 196 HISTORIARUM
922 146 1234 192 LIBROS.

173 258 276 301 irrito
302 258 459 306 incepto
483 255 642 294 discedit
665 267 722 292 11.
742 252 809 291 Cn.
833 251 1005 291 Fulvium
1028 253 1292 301 proconsulem
1311 265 1400 294 cum

177 312 345 350 exercitu
373 310 502 349 fundit
537 325 608 359 27,
641 323 670 346 1.
695 308 777 354 ejus
815 307 862 344 de
891 306 948 345 M.
989 307 1175 345 Marcello
1209 308 1400 355 judicium

180 368 240 406 16.
279 366 550 414 Metapontum
583 362 619 400 se
650 360 807 409 recipit,
838 360 922 398 ibid.
952 359 1148 398 Lacinium
1177 362 1305 410 copias
1333 362 1406 400 ad-

174 429 307 458 movet
336 432 396 471 25.
433 416 609 456 Marcelli
638 426 775 464 corpus
806 405 939 463 sepelit
972 413 1033 452 28.
1061 416 1143 462 ejus
1181 415 1323 453 annulo
1346 416 1404 454 uti

174 481 336 512 conatus
359 472 406 510 ad
434 469 681 520 decipiendos
706 467 946 516 Salapitanos
962 500 974 514 ‚
998 467 1141 505 suamet
1168 468 1246 516 ipse
1270 469 1403 508 fraude

174 528 354 576 capitur,
381 526 463 564 ibid.
498 523 575 561 viso
614 524 738 573 capite
775 521 1046 568 Hasdrubalis,
1091 521 1127 559 se
1163 521 1404 572 Carthaginis

173 580 367 619 fortunam
391 576 593 627 agnoscere
612 577 707 615 dicit
728 588 787 628 5¹·
819 576 949 614 omnia
966 575 1105 614 auxilia
1126 576 1164 612 in
1186 585 1402 615 extremum

174 634 296 676 Italiae
324 631 505 681 angulum
533 630 698 670 Bruttios
725 628 946 676 contrahit,
977 631 1060 667 ibid.
1089 630 1264 676 adversm,
1288 643 1405 679 quam

175 687 352 726 secundis
382 685 519 734 rebus,
554 684 763 723 mirabilior
791 682 861 730 28,
895 683 1030 721 12.>ad
1054 683 1215 730 ‚Iunonis
1244 684 1403 723 Laciniae

177 741 363 790 templum
387 739 548 778 aestatem
567 740 644 788 agit
670 738 731 785 46.
758 749 860 775 aram
888 737 938 775 ibi
965 738 1118 776 dedicat
1141 749 1229 776 cum
1255 738 1401 787 ingenti

174 808 298 835 rerum
326 794 373 832 ab
399 792 435 831 se
462 793 645 843 gestarum
673 790 806 837 titulo,
838 792 922 829 ibid.
957 791 1097 830 Locros
1126 792 1248 830 tendit
1271 807 1345 845 29,
1369 806 1408 841 7.

178 847 334 889 adverso
361 847 496 897 proelio
523 845 738 896 perculsus,
772 845 977 884 Crotonem
1008 847 1217 884 exercitum
1246 846 1406 885 abducit

180 904 240 956 36.
268 915 315 941 ex
347 901 453 940 ltalia
490 901 688 939 revocatur
719 913 788 951 30,
812 914 858 950 9,
886 913 946 951 19.
974 898 1152 938 frendens
1179 913 1222 938 ac
1250 913 1405 950 gemens

177 970 263 995 eam
291 954 468 1004 relinquit
497 969 557 994 20.
596 957 677 1003 ejus
705 966 791 991 cum
817 954 999 1002 Scipione
1034 953 1269 1003 colloquium
1301 969 1348 1007 29
1372 957 1407 994 δ’

169 1012 247 1063 sqq.
270 1009 353 1048 suos
377 1010 424 1047 ad
450 1021 620 1058 pugnam
642 1008 813 1046 hortatur
836 1010 870 1046 <Sc
888 1008 1033 1046 instruit
1063 1022 1123 1059 32.
1145 1010 1265 1047 vietus
1284 1011 1403 1047 Adru-

177 1074 325 1104 metum
350 1063 517 1114 profugit
555 1075 614 1114 35.
648 1061 750 1112 spem
781 1060 909 1099 salutis
946 1061 1035 1099 alibi
1066 1075 1142 1100 non
1170 1062 1266 1109 eisc,
1290 1076 1405 1112 quam

176 1120 218 1157 in
243 1130 338 1169 pace
363 1117 623 1167 impetranda,
651 1118 814 1164 fatetur,
835 1116 917 1154 ibid.
946 1115 1172 1166 Gisgonem,
1196 1118 1243 1154 ad
1269 1116 1405 1155 dilsua-

177 1173 345 1212 dendam
368 1183 501 1222 pacem
516 1172 816 1221 procedentem,
834 1182 881 1208 ex
907 1169 1096 1218 superiore
1121 1170 1207 1210 loco
1235 1171 1402 1209 detrahit

184 1240 243 1280 37.
266 1227 402 1266 Poenos
420 1227 459 1263 in
487 1226 588 1264 curia
610 1225 743 1263 fientes
770 1225 894 1271 ridet,
920 1226 953 1263 &
978 1226 1147 1274 increpat
1170 1240 1230 1274 44.
1252 1228 1407 1264 nuntios

176 1284 218 1321 ὅ(
245 1279 370 1320 literas
391 1282 440 1318 ad
463 1278 696 1318 Antiochum
716 1278 846 1317 mifiss‘e
872 1277 1107 1316 inlimulatur
1133 1293 1204 1333 33,
1228 1295 1289 1332 45.
1316 1293 1409 1330 prce-

179 1344 242 1374 tor
272 1335 446 1383 judicum
482 1333 720 1384 potentiam,
762 1344 912 1382 gravem
951 1332 1138 1380 libertati,
1177 1335 1315 1372 minuit
1345 1336 1411 1383 46.

179 1388 423 1438 vestigalium
454 1387 696 1438 publicorum
731 1386 893 1424 rationes
924 1399 1009 1424 cum
1035 1387 1111 1425 fide
1141 1390 1173 1426 G:
1205 1389 1410 1437 prudencia

181 1443 415 1483 administrat
445 1444 480 1481 δε
511 1442 694 1490 corrigit,
716 1442 799 1478 ibid.
831 1440 865 1476 ἃ
894 1453 955 1488 47.
987 1440 1152 1479 Romani
1178 1441 1409 1492 Carthagine

179 1496 440 1537 Hannibalem
467 1493 668 1541 accusant,
699 1495 781 1531 ibid.
807 1495 836 1531 is
865 1496 1010 1543 aul-'ugit
1035 1496 1082 1532 ad
1113 1508 1240 1545 regem
1271 1499 1411 1535 Antio-

184 1551 301 1590 chum
336 1551 384 1599 48
405 1550 514 1602 6³49.
547 1562 658 1598 quem
685 1549 733 1586 ad
760 1546 903 1585 bellum
929 1549 1098 1586 concitat
1132 1561 1200 1599 34,
1226 1550 1288 1589 60.
1316 1563 1409 1589 con-

184 1607 304 1644 citare
334 1612 491 1642 conatur
522 1603 658 1642 Poenos
684 1605 747 1642 61.
775 1604 855 1650 ejus
887 1613 972 1639 cum
999 1602 1034 1641 P.
1071 1602 1182 1640 Villio
1210 1606 1242 1642 ἃ
1270 1604 1304 1642 Ρ.
1328 1606 1409 1644 Sci-

181 1660 298 1710 pione
330 1658 505 1697 Africano
547 1656 784 1705 colloquium
824 1667 892 1708 35,
930 1669 986 1703 14-
1020 1667 1177 1705 propter
1215 1657 1412 1709 colloquia

183 1725 273 1752 cum
296 1711 409 1750 Villio
433 1710 644 1760 suspectus,
674 1709 709 1748 se
740 1712 839 1759 apud
866 1708 1096 1748 Antiochum
1128 1713 1300 1751 oratione
1325 1727 1410 1763 pin--

183 1776 248 1816 gat
278 1781 333 1819 ¹9·
358 1767 439 1813 ejus
462 1765 510 1803 de
538 1764 646 1802 bello‘
661 1764 837 1803 Romano
864 1764 982 1800 oratio
1005 1765 1070 1815 36,
1091 1779 1127 1817 7.,
1156 1778 1243 1805 eum
1260 1797 1270 1813 ,
1296 1778 1336 1806 ut
1348 1780 1412 1806 va.

184 1830 263 1859 tem
295 1819 494 1867 omnium,
523 1831 604 1867 quae
627 1827 854 1863 evenerant,
881 1818 1091 1857 admiratur
1121 1821 1331 1859 Antiochus
1353 1834 1410 1873 ¹5-

185 1874 392 1925 praeficitur
424 1872 525 1911 clalli
555 1885 626 1923 37,
655 1886 716 1923 23.
740 1872 894 1920 fugatur
920 1884 941 1909 a
973 1871 1133 1912 Rhodiis
1160 1890 1220 1923 24.
1244 1875 1414 1925 profugit

186 1930 233 1967 ad
258 1928 443 1975 Pruliam3
464 1928 546 1974 ejus
571 1938 672 1965 mors
698 1940 767 1980 39,
790 1939 845 1976 51.

130 1989 347 2038 Hannibal,
363 1988 536 2038 Gisgonis
560 1987 661 2027 filius
675 2018 684 2034 ,
707 1987 909 2028 Selinunte
928 1989 962 2027 &
981 1989 1134 2028 Himera
1158 1990 1287 2029 excisis
1304 2021 1313 2038 ,
1336 2004 1395 2029 ma

188 2056 300 2094 gnam
339 2042 549 2093 potentiam
582 2042 706 2081 Poenis
736 2043 773 2079 in
796 2043 921 2082 Sicilia
950 2054 1146 2091 comparat
1178 2045 1244 2089 16,
1279 2059 1313 2084 2.
1333 2048 1415 2084 eius

191 2097 302 2136 dolus
333 2096 389 2135 18.
409 2095 539 2146 praeest
565 2096 757 2146 Agrigenti
781 2109 838 2150 53.
862 2096 1009 2135 clausus
1027 2097 1188 2136 elabitur
1211 2100 1416 2149 Agrigento

191 2151 251 2203 58.
275 2150 437 2189 vincitur
454 2149 575 2188 navali
602 2150 737 2200 proelio
755 2164 774 2188 a
793 2151 832 2189 C.
853 2150 978 2189 Duilio
1010 2151 1164 2190 consule
1182 2166 1227 2202 17
1246 2184 1250 2189 .
1270 2166 1304 2204 9.
1333 2155 1415 2200 ejus

189 2212 452 2243 commentum
473 2205 512 2242 in
539 2204 720 2243 evitando
749 2203 936 2255 supplicio
962 2205 1011 2242 oh
1039 2218 1115 2244 rem
1145 2206 1241 2244 male
1262 2207 1418 2255 gestam,

189 2254 272 2296 ibid.
311 2257 473 2295 vincitur
501 2269 522 2295 a
545 2257 588 2296 C.
620 2258 793 2306 Sulpicio
820 2257 974 2297 conlule
1003 2260 1061 2299 26.
1096 2260 1329 2310 crucifigitur
1355 2274 1416 2312 27.

136 2318 362 2358 Hannibales
392 2317 469 2356 duo
498 2318 537 2355 in
565 2317 672 2365 ltalia
694 2333 767 2368 27,
792 2335 856 2366 44.

77 2410 79 2413 .
134 2381 356 2420 Hannibalis
398 2379 540 2420 Rhodii
579 2379 734 2418 audacia
774 2394 843 2433 19,
873 2394 930 2420 12.
958 2380 1037 2428 ipse
1067 2382 1311 2430 intercipitur
1334 2394 1392 2430 ¹4·

137 2441 332 2479 Hannibal
355 2439 506 2480 Samnis
526 2448 640 2489 caput
666 2439 843 2479 factionis
870 2441 972 2490 apud
1000 2441 1136 2480 Poenos
1157 2441 1231 2490 48,
1255 2455 1312 2480 ιι.
